
    <zs:record>
      <zs:recordPacking>xml</zs:recordPacking>
      <zs:recordData>
        <record xmlns="http://www.loc.gov/MARC21/slim">
          <leader>00456nz a2200109 4500</leader>
          <controlfield tag="001">30078033</controlfield>
          <controlfield tag="003">RISM</controlfield>
          <controlfield tag="005">20121108</controlfield>
          <controlfield tag="008">121108n||az|||||||##########||||||||||||</controlfield>
          <datafield tag="043" ind1=" " ind2=" ">
            <subfield code="c">Italy</subfield>
          </datafield>
          <datafield tag="110" ind1="2" ind2=" ">
            <subfield code="a">Orchestra Sinfonica Nazionale della RAI, Archivio Musica</subfield>
            <subfield code="c">Torino</subfield>
            <subfield code="g">I-Tam</subfield>
          </datafield>
          <datafield tag="622" ind1=" " ind2=" ">
            <subfield code="e">Orchestra Sinfonica Nazionale della RAI,, Archivio Musica, piazza Rossaro snc, 10124
              Torino, Italy</subfield>
            <subfield code="u"
              >http://www.orchestrasinfonica.rai.it/dl/osn/Page-7fcd95be-3c6b-4c8e-9474-f1a9068bafd4.html</subfield>
          </datafield>
          <idzebra xmlns="http://www.indexdata.dk/zebra/">
            <size>456</size>
            <score>598</score>
            <localnumber>829300</localnumber>
            <filename>sigla/sigla.mrc</filename>
          </idzebra>
        </record>
      </zs:recordData>
      <zs:recordPosition>3</zs:recordPosition>
    </zs:record>