
    <zs:record>
      <zs:recordPacking>xml</zs:recordPacking>
      <zs:recordData>
        <record xmlns="http://www.loc.gov/MARC21/slim">
          <leader>00493nz a2200109 4500</leader>
          <controlfield tag="001">30077408</controlfield>
          <controlfield tag="003">RISM</controlfield>
          <controlfield tag="005">20121108</controlfield>
          <controlfield tag="008">121108n||az|||||||##########||||||||||||</controlfield>
          <datafield tag="043" ind1=" " ind2=" ">
            <subfield code="c">Italy</subfield>
          </datafield>
          <datafield tag="110" ind1="2" ind2=" ">
            <subfield code="a">Biblioteca Comunale Pasquale Rosario</subfield>
            <subfield code="c">Ascoli Satriano</subfield>
            <subfield code="g">I-ASAbc</subfield>
          </datafield>
          <datafield tag="622" ind1=" " ind2=" ">
            <subfield code="e">Biblioteca Comunale Pasquale Rosario, c/o Chiostro Convento OFM S. Potito, Martire,
              Piazza San Francesco d’Assisi, 1, 71022 Ascoli Satriano, Italy</subfield>
            <subfield code="u"
              >http://www.comune.ascolisatriano.fg.it/cca/html/modules/wfchannel/index.php?pagenum=41</subfield>
          </datafield>
          <idzebra xmlns="http://www.indexdata.dk/zebra/">
            <size>493</size>
            <score>598</score>
            <localnumber>829303</localnumber>
            <filename>sigla/sigla.mrc</filename>
          </idzebra>
        </record>
      </zs:recordData>
      <zs:recordPosition>5</zs:recordPosition>
    </zs:record>