
    <zs:record>
      <zs:recordPacking>xml</zs:recordPacking>
      <zs:recordData>
        <record xmlns="http://www.loc.gov/MARC21/slim">
          <leader>00412nz a2200109 4500</leader>
          <controlfield tag="001">30077028</controlfield>
          <controlfield tag="003">RISM</controlfield>
          <controlfield tag="005">20121108</controlfield>
          <controlfield tag="008">121108n||az|||||||##########||||||||||||</controlfield>
          <datafield tag="110" ind1="2" ind2=" ">
            <subfield code="a">Biblioteca del Convitto nazionale Vittorio Emanuele II</subfield>
            <subfield code="c">Cagliari</subfield>
            <subfield code="g">I-CAbcn</subfield>
          </datafield>
          <datafield tag="622" ind1=" " ind2=" ">
            <subfield code="e">Biblioteca del Convitto nazionale, Vittorio Emanuele II, via G. Manno, 14, 09100
              Cagliari, Italy</subfield>
            <subfield code="u">http://www.convitto.cagliari.it</subfield>
          </datafield>
          <datafield tag="852" ind1="2" ind2=" ">
            <subfield code="b">39.2159897, 9.1153816</subfield>
          </datafield>
          <idzebra xmlns="http://www.indexdata.dk/zebra/">
            <size>412</size>
            <score>598</score>
            <localnumber>829332</localnumber>
            <filename>sigla/sigla.mrc</filename>
          </idzebra>
        </record>
      </zs:recordData>
      <zs:recordPosition>9</zs:recordPosition>
    </zs:record>