
    <zs:record>
      <zs:recordPacking>xml</zs:recordPacking>
      <zs:recordData>
        <record xmlns="http://www.loc.gov/MARC21/slim">
          <leader>00381nz a2200121 4500</leader>
          <controlfield tag="001">30003482</controlfield>
          <controlfield tag="003">RISM</controlfield>
          <controlfield tag="005">20121108</controlfield>
          <controlfield tag="008">121108n||az|||||||##########||||||||||||</controlfield>
          <datafield tag="043" ind1=" " ind2=" ">
            <subfield code="c">Italy</subfield>
          </datafield>
          <datafield tag="110" ind1="2" ind2=" ">
            <subfield code="a">Seminario Vescovile, Biblioteca</subfield>
            <subfield code="c">Molfetta</subfield>
            <subfield code="g">I-MFsv</subfield>
          </datafield>
          <datafield tag="622" ind1=" " ind2=" ">
            <subfield code="e">Seminario Vescovile, Biblioteca, Piazza Garibaldi 65 (58 ?), I-70056, Molfetta (BA).
              Regione Puglia</subfield>
          </datafield>
          <datafield tag="852" ind1="2" ind2=" ">
            <subfield code="b">41.2012642, 16.5985366</subfield>
          </datafield>
          <idzebra xmlns="http://www.indexdata.dk/zebra/">
            <size>381</size>
            <score>598</score>
            <localnumber>829570</localnumber>
            <filename>sigla/sigla.mrc</filename>
          </idzebra>
        </record>
      </zs:recordData>
      <zs:recordPosition>62</zs:recordPosition>
    </zs:record>