
    <zs:record>
      <zs:recordPacking>xml</zs:recordPacking>
      <zs:recordData>
        <record xmlns="http://www.loc.gov/MARC21/slim">
          <leader>00436nz a2200121 4500</leader>
          <controlfield tag="001">30003496</controlfield>
          <controlfield tag="003">RISM</controlfield>
          <controlfield tag="005">20121108</controlfield>
          <controlfield tag="008">121108n||az|||||||##########||||||||||||</controlfield>
          <datafield tag="043" ind1=" " ind2=" ">
            <subfield code="c">Italy</subfield>
          </datafield>
          <datafield tag="110" ind1="2" ind2=" ">
            <subfield code="a">Basilica di S. Antonino, Biblioteca e Archivio Capitolari</subfield>
            <subfield code="c">Piacenza</subfield>
            <subfield code="g">I-PCsa</subfield>
          </datafield>
          <datafield tag="622" ind1=" " ind2=" ">
            <subfield code="e">Basilica di S. Antonino, Biblioteca e, Archivio Capitolari, Via Chiostri S. Antonino 6,
              I-29100, Piacenza. Regione Emilia Romagna</subfield>
          </datafield>
          <datafield tag="852" ind1="2" ind2=" ">
            <subfield code="b">45.0537735, 9.6951421</subfield>
          </datafield>
          <idzebra xmlns="http://www.indexdata.dk/zebra/">
            <size>436</size>
            <score>598</score>
            <localnumber>829654</localnumber>
            <filename>sigla/sigla.mrc</filename>
          </idzebra>
        </record>
      </zs:recordData>
      <zs:recordPosition>90</zs:recordPosition>
    </zs:record>