
    <zs:record>
      <zs:recordPacking>xml</zs:recordPacking>
      <zs:recordData>
        <record xmlns="http://www.loc.gov/MARC21/slim">
          <leader>00352nz a2200109 4500</leader>
          <controlfield tag="001">30003507</controlfield>
          <controlfield tag="003">RISM</controlfield>
          <controlfield tag="005">20121108</controlfield>
          <controlfield tag="008">121108n||az|||||||##########||||||||||||</controlfield>
          <datafield tag="043" ind1=" " ind2=" ">
            <subfield code="c">Italy</subfield>
          </datafield>
          <datafield tag="110" ind1="2" ind2=" ">
            <subfield code="a">Discoteca di Stato, Biblioteca &lt;Roma&gt;</subfield>
            <subfield code="c">Roma</subfield>
            <subfield code="g">I-Rdi</subfield>
          </datafield>
          <datafield tag="622" ind1=" " ind2=" ">
            <subfield code="e">Discoteca di Stato, Biblioteca, Via Michelangelo Caetani 32, I-00186, Roma. Regione
              Lazio</subfield>
            <subfield code="u">http://www.dds.it</subfield>
          </datafield>
          <idzebra xmlns="http://www.indexdata.dk/zebra/">
            <size>352</size>
            <score>598</score>
            <localnumber>829748</localnumber>
            <filename>sigla/sigla.mrc</filename>
          </idzebra>
        </record>
      </zs:recordData>
      <zs:recordPosition>95</zs:recordPosition>
    </zs:record>