
    <zs:record>
      <zs:recordPacking>xml</zs:recordPacking>
      <zs:recordData>
        <record xmlns="http://www.loc.gov/MARC21/slim">
          <leader>00621nz a2200145 4500</leader>
          <controlfield tag="001">30003510</controlfield>
          <controlfield tag="003">RISM</controlfield>
          <controlfield tag="005">20121108</controlfield>
          <controlfield tag="008">121108n||az|||||||##########||||||||||||</controlfield>
          <datafield tag="043" ind1=" " ind2=" ">
            <subfield code="c">Italy</subfield>
          </datafield>
          <datafield tag="110" ind1="2" ind2=" ">
            <subfield code="a">Istituto di Fisiologia Umana dell'Università La Sapienza, Biblioteca
              &lt;Roma&gt;</subfield>
            <subfield code="c">Roma</subfield>
            <subfield code="g">I-Rif</subfield>
          </datafield>
          <datafield tag="410" ind1="2" ind2=" ">
            <subfield code="a">Istituto di Fisiologia dell' Università</subfield>
          </datafield>
          <datafield tag="410" ind1="2" ind2=" ">
            <subfield code="a">Istituto di Fisiologia Umana dell'Università La Sapienza, Facoltà di Medicina e
              Chirurgia,</subfield>
          </datafield>
          <datafield tag="410" ind1="2" ind2=" ">
            <subfield code="a">^Biblioteca</subfield>
          </datafield>
          <datafield tag="622" ind1=" " ind2=" ">
            <subfield code="e">Istituto di Fisiologia Umana, dell'Università La Sapienza, Biblioteca, Città
              Universitaria, piazzale Aldo Moro, 5, I-00185 Roma. Regione Lazio</subfield>
          </datafield>
          <idzebra xmlns="http://www.indexdata.dk/zebra/">
            <size>621</size>
            <score>598</score>
            <localnumber>829750</localnumber>
            <filename>sigla/sigla.mrc</filename>
          </idzebra>
        </record>
      </zs:recordData>
      <zs:recordPosition>97</zs:recordPosition>
    </zs:record>