
    <zs:record>
      <zs:recordPacking>xml</zs:recordPacking>
      <zs:recordData>
        <record xmlns="http://www.loc.gov/MARC21/slim">
          <leader>00407nz a2200121 4500</leader>
          <controlfield tag="001">30003420</controlfield>
          <controlfield tag="003">RISM</controlfield>
          <controlfield tag="005">20121108</controlfield>
          <controlfield tag="008">121108n||az|||||||##########||||||||||||</controlfield>
          <datafield tag="043" ind1=" " ind2=" ">
            <subfield code="c">Italy</subfield>
          </datafield>
          <datafield tag="110" ind1="2" ind2=" ">
            <subfield code="a">Ateneo di Scienze, Lettere ed Arti (ICNM), Biblioteca</subfield>
            <subfield code="c">Brescia</subfield>
            <subfield code="g">I-BRa</subfield>
          </datafield>
          <datafield tag="622" ind1=" " ind2=" ">
            <subfield code="e">Ateneo di Scienze, Lettere ed Arti, (ICNM), Biblioteca, Via Tosio 12, I-25125 Brescia.
              Regione, Lombardia</subfield>
          </datafield>
          <datafield tag="852" ind1="2" ind2=" ">
            <subfield code="b">45.5398382, 10.2229562</subfield>
          </datafield>
          <idzebra xmlns="http://www.indexdata.dk/zebra/">
            <size>407</size>
            <score>598</score>
            <localnumber>829865</localnumber>
            <filename>sigla/sigla.mrc</filename>
          </idzebra>
        </record>
      </zs:recordData>
      <zs:recordPosition>116</zs:recordPosition>
    </zs:record>