
    <zs:record>
      <zs:recordPacking>xml</zs:recordPacking>
      <zs:recordData>
        <record xmlns="http://www.loc.gov/MARC21/slim">
          <leader>00469nz a2200133 4500</leader>
          <controlfield tag="001">30003113</controlfield>
          <controlfield tag="003">RISM</controlfield>
          <controlfield tag="005">20121108</controlfield>
          <controlfield tag="008">121108n||az|||||||##########||||||||||||</controlfield>
          <datafield tag="043" ind1=" " ind2=" ">
            <subfield code="c">Italy</subfield>
          </datafield>
          <datafield tag="110" ind1="2" ind2=" ">
            <subfield code="a">Biblioteca Universitaria Alessandrina &lt;Roma&gt;</subfield>
            <subfield code="c">Roma</subfield>
            <subfield code="g">I-Ru</subfield>
          </datafield>
          <datafield tag="410" ind1="2" ind2=" ">
            <subfield code="a">Biblioteca universitaria</subfield>
          </datafield>
          <datafield tag="622" ind1=" " ind2=" ">
            <subfield code="e">Biblioteca Universitaria Alessandrina, Piazzale Aldo Moro 5, I-00185 Roma., Regione
              Lazio</subfield>
            <subfield code="u">http://www.alessandrina.librari.beniculturali.it</subfield>
          </datafield>
          <datafield tag="852" ind1="2" ind2=" ">
            <subfield code="b">41.9018503, 12.5120962</subfield>
          </datafield>
          <idzebra xmlns="http://www.indexdata.dk/zebra/">
            <size>469</size>
            <score>598</score>
            <localnumber>829871</localnumber>
            <filename>sigla/sigla.mrc</filename>
          </idzebra>
        </record>
      </zs:recordData>
      <zs:recordPosition>120</zs:recordPosition>
    </zs:record>