
    <zs:record>
      <zs:recordPacking>xml</zs:recordPacking>
      <zs:recordData>
        <record xmlns="http://www.loc.gov/MARC21/slim">
          <leader>00451nz a2200121 4500</leader>
          <controlfield tag="001">30003117</controlfield>
          <controlfield tag="003">RISM</controlfield>
          <controlfield tag="005">20121108</controlfield>
          <controlfield tag="008">121108n||az|||||||##########||||||||||||</controlfield>
          <datafield tag="043" ind1=" " ind2=" ">
            <subfield code="c">Italy</subfield>
          </datafield>
          <datafield tag="110" ind1="2" ind2=" ">
            <subfield code="a">Castello del Buonconsiglio, Biblioteca</subfield>
            <subfield code="c">Trento</subfield>
            <subfield code="g">I-TRbc</subfield>
          </datafield>
          <datafield tag="410" ind1="2" ind2=" ">
            <subfield code="a">Monumenti e Collezioni Provinciali</subfield>
          </datafield>
          <datafield tag="622" ind1=" " ind2=" ">
            <subfield code="e">Castello del Buonconsiglio, Biblioteca, via Bernardo Clesio, 5, 38122 Trento,
              Italy</subfield>
            <subfield code="u">http://www.buonconsiglio.it/index.php/it/Castello-del-Buonconsiglio</subfield>
          </datafield>
          <idzebra xmlns="http://www.indexdata.dk/zebra/">
            <size>451</size>
            <score>598</score>
            <localnumber>829873</localnumber>
            <filename>sigla/sigla.mrc</filename>
          </idzebra>
        </record>
      </zs:recordData>
      <zs:recordPosition>122</zs:recordPosition>
    </zs:record>