
    <zs:record>
      <zs:recordPacking>xml</zs:recordPacking>
      <zs:recordData>
        <record xmlns="http://www.loc.gov/MARC21/slim">
          <leader>00500nz a2200145 4500</leader>
          <controlfield tag="001">30003120</controlfield>
          <controlfield tag="003">RISM</controlfield>
          <controlfield tag="005">20121108</controlfield>
          <controlfield tag="008">121108n||az|||||||##########||||||||||||</controlfield>
          <datafield tag="043" ind1=" " ind2=" ">
            <subfield code="c">Italy</subfield>
          </datafield>
          <datafield tag="110" ind1="2" ind2=" ">
            <subfield code="a">Abbazia Benedettina di S. Giorgio Maggiore, Biblioteca</subfield>
            <subfield code="c">Venezia</subfield>
            <subfield code="g">I-Vab</subfield>
          </datafield>
          <datafield tag="410" ind1="2" ind2=" ">
            <subfield code="a">Monastero di S. Giorgio Maggiore</subfield>
          </datafield>
          <datafield tag="622" ind1=" " ind2=" ">
            <subfield code="e">Abbazia Benedettina di S. Giorgio, Maggiore, Biblioteca, Isola di S. Giorgo Maggiore,
              I-30124, Venezia. Regione Veneto</subfield>
          </datafield>
          <datafield tag="688" ind1="2" ind2=" ">
            <subfield code="a">Series B: Vmg</subfield>
          </datafield>
          <datafield tag="852" ind1="2" ind2=" ">
            <subfield code="b">45.4343363, 12.3387844</subfield>
          </datafield>
          <idzebra xmlns="http://www.indexdata.dk/zebra/">
            <size>500</size>
            <score>598</score>
            <localnumber>829875</localnumber>
            <filename>sigla/sigla.mrc</filename>
          </idzebra>
        </record>
      </zs:recordData>
      <zs:recordPosition>124</zs:recordPosition>
    </zs:record>