
    <zs:record>
      <zs:recordPacking>xml</zs:recordPacking>
      <zs:recordData>
        <record xmlns="http://www.loc.gov/MARC21/slim">
          <leader>00619nz a2200133 4500</leader>
          <controlfield tag="001">30003447</controlfield>
          <controlfield tag="003">RISM</controlfield>
          <controlfield tag="005">20121108</controlfield>
          <controlfield tag="008">121108n||az|||||||##########||||||||||||</controlfield>
          <datafield tag="043" ind1=" " ind2=" ">
            <subfield code="c">Italy</subfield>
          </datafield>
          <datafield tag="110" ind1="2" ind2=" ">
            <subfield code="a">Archivio Storico Comunale Paolo Guaitoli della Commissione di Storia Patria</subfield>
            <subfield code="c">Carpi</subfield>
            <subfield code="g">I-CPa</subfield>
          </datafield>
          <datafield tag="410" ind1="2" ind2=" ">
            <subfield code="a">Archivio Paolo Guaitoli della Commissione di Storia Patria de Carpi</subfield>
          </datafield>
          <datafield tag="410" ind1="2" ind2=" ">
            <subfield code="a">Archivio Storico Comunale Paolo Guaitoli Civico Museo Storico Artstico Giulio
              Ferrari</subfield>
          </datafield>
          <datafield tag="622" ind1=" " ind2=" ">
            <subfield code="e">Archivio Storico Comunale Paolo, Guaitoli della Commissione di Storia, Patria, Castello
              dei Pio di Savoia, I-41012, Carpi (MO). Regione Emilia Romagna</subfield>
          </datafield>
          <idzebra xmlns="http://www.indexdata.dk/zebra/">
            <size>619</size>
            <score>598</score>
            <localnumber>830088</localnumber>
            <filename>sigla/sigla.mrc</filename>
          </idzebra>
        </record>
      </zs:recordData>
      <zs:recordPosition>129</zs:recordPosition>
    </zs:record>