
    <zs:record>
      <zs:recordPacking>xml</zs:recordPacking>
      <zs:recordData>
        <record xmlns="http://www.loc.gov/MARC21/slim">
          <leader>00455nz a2200121 4500</leader>
          <controlfield tag="001">30003451</controlfield>
          <controlfield tag="003">RISM</controlfield>
          <controlfield tag="005">20121108</controlfield>
          <controlfield tag="008">121108n||az|||||||##########||||||||||||</controlfield>
          <datafield tag="043" ind1=" " ind2=" ">
            <subfield code="c">Italy</subfield>
          </datafield>
          <datafield tag="110" ind1="2" ind2=" ">
            <subfield code="a">Aquinas Library, Pius XII Institute Graduate School of Fine Arts</subfield>
            <subfield code="c">Firenze</subfield>
            <subfield code="g">I-Faq</subfield>
          </datafield>
          <datafield tag="622" ind1=" " ind2=" ">
            <subfield code="e">Aquinas Library, Pius XII Institute, Graduate School of Fine Arts, Villa Schifanoia, Via
              Boccaccio 115, -123, I-50133 Firenze. Regione Toscana</subfield>
          </datafield>
          <datafield tag="852" ind1="2" ind2=" ">
            <subfield code="b">43.7687324, 11.2569013</subfield>
          </datafield>
          <idzebra xmlns="http://www.indexdata.dk/zebra/">
            <size>455</size>
            <score>598</score>
            <localnumber>830090</localnumber>
            <filename>sigla/sigla.mrc</filename>
          </idzebra>
        </record>
      </zs:recordData>
      <zs:recordPosition>131</zs:recordPosition>
    </zs:record>