
    <zs:record>
      <zs:recordPacking>xml</zs:recordPacking>
      <zs:recordData>
        <record xmlns="http://www.loc.gov/MARC21/slim">
          <leader>00428nz a2200133 4500</leader>
          <controlfield tag="001">30003516</controlfield>
          <controlfield tag="003">RISM</controlfield>
          <controlfield tag="005">20121108</controlfield>
          <controlfield tag="008">121108n||az|||||||##########||||||||||||</controlfield>
          <datafield tag="043" ind1=" " ind2=" ">
            <subfield code="c">Italy</subfield>
          </datafield>
          <datafield tag="110" ind1="2" ind2=" ">
            <subfield code="a">Chiesa di Santo Spirito in Sassia, Archivio</subfield>
            <subfield code="c">Roma</subfield>
            <subfield code="g">I-Rsp</subfield>
          </datafield>
          <datafield tag="410" ind1="2" ind2=" ">
            <subfield code="a">Santo Spirito in Sassia</subfield>
          </datafield>
          <datafield tag="622" ind1=" " ind2=" ">
            <subfield code="e">Chiesa di Santo Spirito in Sassia,, Archivio, Via dei Penitenzieri 12, I-00193 Roma.,
              Regione Lazio</subfield>
          </datafield>
          <datafield tag="852" ind1="2" ind2=" ">
            <subfield code="b">41.8905198, 12.4942486</subfield>
          </datafield>
          <idzebra xmlns="http://www.indexdata.dk/zebra/">
            <size>428</size>
            <score>598</score>
            <localnumber>830182</localnumber>
            <filename>sigla/sigla.mrc</filename>
          </idzebra>
        </record>
      </zs:recordData>
      <zs:recordPosition>144</zs:recordPosition>
    </zs:record>