
    <zs:record>
      <zs:recordPacking>xml</zs:recordPacking>
      <zs:recordData>
        <record xmlns="http://www.loc.gov/MARC21/slim">
          <leader>00403nz a2200121 4500</leader>
          <controlfield tag="001">30003499</controlfield>
          <controlfield tag="003">RISM</controlfield>
          <controlfield tag="005">20121108</controlfield>
          <controlfield tag="008">121108n||az|||||||##########||||||||||||</controlfield>
          <datafield tag="043" ind1=" " ind2=" ">
            <subfield code="c">Italy</subfield>
          </datafield>
          <datafield tag="110" ind1="2" ind2=" ">
            <subfield code="a">Chiesa dei Cavalieri di S. Stefano, Archivio</subfield>
            <subfield code="c">Pisa</subfield>
            <subfield code="g">I-PIst</subfield>
          </datafield>
          <datafield tag="622" ind1=" " ind2=" ">
            <subfield code="e">Chiesa dei Cavalieri di S. Stefano,, Archivio, Via Bianchi (Via S. Stefano 2 ?), I,
              -56100 Pisa. Regione Toscana</subfield>
          </datafield>
          <datafield tag="852" ind1="2" ind2=" ">
            <subfield code="b">43.7161354, 10.3965843</subfield>
          </datafield>
          <idzebra xmlns="http://www.indexdata.dk/zebra/">
            <size>403</size>
            <score>598</score>
            <localnumber>830263</localnumber>
            <filename>sigla/sigla.mrc</filename>
          </idzebra>
        </record>
      </zs:recordData>
      <zs:recordPosition>149</zs:recordPosition>
    </zs:record>