
    <zs:record>
      <zs:recordPacking>xml</zs:recordPacking>
      <zs:recordData>
        <record xmlns="http://www.loc.gov/MARC21/slim">
          <leader>00446nz a2200133 4500</leader>
          <controlfield tag="001">30003505</controlfield>
          <controlfield tag="003">RISM</controlfield>
          <controlfield tag="005">20121108</controlfield>
          <controlfield tag="008">121108n||az|||||||##########||||||||||||</controlfield>
          <datafield tag="043" ind1=" " ind2=" ">
            <subfield code="c">Italy</subfield>
          </datafield>
          <datafield tag="110" ind1="2" ind2=" ">
            <subfield code="a">Villa Medici - Accademia di Francia, Biblioteca</subfield>
            <subfield code="c">Roma</subfield>
            <subfield code="g">I-Rac</subfield>
          </datafield>
          <datafield tag="622" ind1=" " ind2=" ">
            <subfield code="e">Villa Medici - Accademia di Francia,, Biblioteca, Viale Trinità dei Monti 1, I - 00187
              Roma. Regione Lazio</subfield>
            <subfield code="u">http://www.villamedici.it</subfield>
          </datafield>
          <datafield tag="670" ind1="2" ind2=" ">
            <subfield code="a">18</subfield>
          </datafield>
          <datafield tag="852" ind1="2" ind2=" ">
            <subfield code="b">41.90829, 12.4823773</subfield>
          </datafield>
          <idzebra xmlns="http://www.indexdata.dk/zebra/">
            <size>446</size>
            <score>598</score>
            <localnumber>830268</localnumber>
            <filename>sigla/sigla.mrc</filename>
          </idzebra>
        </record>
      </zs:recordData>
      <zs:recordPosition>154</zs:recordPosition>
    </zs:record>