
    <zs:record>
      <zs:recordPacking>xml</zs:recordPacking>
      <zs:recordData>
        <record xmlns="http://www.loc.gov/MARC21/slim">
          <leader>00489nz a2200133 4500</leader>
          <controlfield tag="001">30003106</controlfield>
          <controlfield tag="003">RISM</controlfield>
          <controlfield tag="005">20121108</controlfield>
          <controlfield tag="008">121108n||az|||||||##########||||||||||||</controlfield>
          <datafield tag="043" ind1=" " ind2=" ">
            <subfield code="c">Italy</subfield>
          </datafield>
          <datafield tag="110" ind1="2" ind2=" ">
            <subfield code="a">Biblioteca Cieldoro (Chiesa di S. Pietro in Ciel d'Oro)</subfield>
            <subfield code="c">Pavia</subfield>
            <subfield code="g">I-PAVsp</subfield>
          </datafield>
          <datafield tag="410" ind1="2" ind2=" ">
            <subfield code="a">Chiesa di S. Pietro in Ciel d'Oro, Archivio</subfield>
          </datafield>
          <datafield tag="622" ind1=" " ind2=" ">
            <subfield code="e">Biblioteca Cieldoro (Chiesa di S., Pietro in Ciel d'Oro), Piazza S. Pietro in Ciel d'Oro
              2, I, -27100 Pavia. Regione Lombardia</subfield>
          </datafield>
          <datafield tag="852" ind1="2" ind2=" ">
            <subfield code="b">45.1858877, 9.1565627</subfield>
          </datafield>
          <idzebra xmlns="http://www.indexdata.dk/zebra/">
            <size>489</size>
            <score>598</score>
            <localnumber>830420</localnumber>
            <filename>sigla/sigla.mrc</filename>
          </idzebra>
        </record>
      </zs:recordData>
      <zs:recordPosition>163</zs:recordPosition>
    </zs:record>