
    <zs:record>
      <zs:recordPacking>xml</zs:recordPacking>
      <zs:recordData>
        <record xmlns="http://www.loc.gov/MARC21/slim">
          <leader>00441nz a2200121 4500</leader>
          <controlfield tag="001">30004565</controlfield>
          <controlfield tag="003">RISM</controlfield>
          <controlfield tag="005">20121108</controlfield>
          <controlfield tag="008">121108n||az|||||||##########||||||||||||</controlfield>
          <datafield tag="043" ind1=" " ind2=" ">
            <subfield code="c">Italy</subfield>
          </datafield>
          <datafield tag="110" ind1="2" ind2=" ">
            <subfield code="a">Seminario Vescovile Vincentinum, Biblioteca</subfield>
            <subfield code="c">Bressanone</subfield>
            <subfield code="g">I-BRE</subfield>
          </datafield>
          <datafield tag="410" ind1="2" ind2=" ">
            <subfield code="a">Bischöfliches Seminar Vincentinum Brixen, Bibliothek</subfield>
          </datafield>
          <datafield tag="622" ind1=" " ind2=" ">
            <subfield code="e">Seminario Vescovile Vincentinum,, Biblioteca, Via Brennero 37, 39042 Bressanone,
              Italy</subfield>
            <subfield code="u">http://www.vinzentinum.it/</subfield>
          </datafield>
          <idzebra xmlns="http://www.indexdata.dk/zebra/">
            <size>441</size>
            <score>598</score>
            <localnumber>830486</localnumber>
            <filename>sigla/sigla.mrc</filename>
          </idzebra>
        </record>
      </zs:recordData>
      <zs:recordPosition>182</zs:recordPosition>
    </zs:record>