
    <zs:record>
      <zs:recordPacking>xml</zs:recordPacking>
      <zs:recordData>
        <record xmlns="http://www.loc.gov/MARC21/slim">
          <leader>00430nz a2200121 4500</leader>
          <controlfield tag="001">30004570</controlfield>
          <controlfield tag="003">RISM</controlfield>
          <controlfield tag="005">20121108</controlfield>
          <controlfield tag="008">121108n||az|||||||##########||||||||||||</controlfield>
          <datafield tag="043" ind1=" " ind2=" ">
            <subfield code="c">Italy</subfield>
          </datafield>
          <datafield tag="110" ind1="2" ind2=" ">
            <subfield code="a">Museo civico presso l'Aquila Rossa</subfield>
            <subfield code="c">Merano</subfield>
            <subfield code="g">I-MROm</subfield>
          </datafield>
          <datafield tag="410" ind1="2" ind2=" ">
            <subfield code="a">Stadtmuseum im Roten Adler Meran</subfield>
          </datafield>
          <datafield tag="622" ind1=" " ind2=" ">
            <subfield code="e">Museo civico presso l'Aquila Rossa, via delle Corse 42/a, 39012 Merano, Italy</subfield>
            <subfield code="u">http://www.comune.merano.bz.it/it/museo-civico.asp#anc1166</subfield>
          </datafield>
          <idzebra xmlns="http://www.indexdata.dk/zebra/">
            <size>430</size>
            <score>598</score>
            <localnumber>830489</localnumber>
            <filename>sigla/sigla.mrc</filename>
          </idzebra>
        </record>
      </zs:recordData>
      <zs:recordPosition>184</zs:recordPosition>
    </zs:record>