
    <zs:record>
      <zs:recordPacking>xml</zs:recordPacking>
      <zs:recordData>
        <record xmlns="http://www.loc.gov/MARC21/slim">
          <leader>00478nz a2200121 4500</leader>
          <controlfield tag="001">30002572</controlfield>
          <controlfield tag="003">RISM</controlfield>
          <controlfield tag="005">20121108</controlfield>
          <controlfield tag="008">121108n||az|||||||##########||||||||||||</controlfield>
          <datafield tag="043" ind1=" " ind2=" ">
            <subfield code="c">Italy</subfield>
          </datafield>
          <datafield tag="110" ind1="2" ind2=" ">
            <subfield code="a">Biblioteca dell'Abbazia Benedettina di Monte Oliveto Maggiore</subfield>
            <subfield code="c">Asciano</subfield>
            <subfield code="g">I-ASCmo</subfield>
          </datafield>
          <datafield tag="510" ind1="2" ind2=" ">
            <subfield code="a">Abbazia Benedettina di Monte Oliveto Maggiore, Biblioteca</subfield>
          </datafield>
          <datafield tag="622" ind1=" " ind2=" ">
            <subfield code="e">Biblioteca dell'Abbazia Benedettina di, Monte Oliveto Maggiore, 53041 Asciano,
              Italy</subfield>
            <subfield code="u">http://www.monteolivetomaggiore.it/home.html</subfield>
          </datafield>
          <idzebra xmlns="http://www.indexdata.dk/zebra/">
            <size>478</size>
            <score>598</score>
            <localnumber>830887</localnumber>
            <filename>sigla/sigla.mrc</filename>
          </idzebra>
        </record>
      </zs:recordData>
      <zs:recordPosition>197</zs:recordPosition>
    </zs:record>