
    <zs:record>
      <zs:recordPacking>xml</zs:recordPacking>
      <zs:recordData>
        <record xmlns="http://www.loc.gov/MARC21/slim">
          <leader>00547nz a2200133 4500</leader>
          <controlfield tag="001">30001778</controlfield>
          <controlfield tag="003">RISM</controlfield>
          <controlfield tag="005">20121108</controlfield>
          <controlfield tag="008">121108n||az|||||||##########||||||||||||</controlfield>
          <datafield tag="043" ind1=" " ind2=" ">
            <subfield code="c">Italy</subfield>
          </datafield>
          <datafield tag="110" ind1="2" ind2=" ">
            <subfield code="a">Conservatorio di Musica Luigi Cherubini, Biblioteca</subfield>
            <subfield code="c">Firenze</subfield>
            <subfield code="g">I-Fc</subfield>
          </datafield>
          <datafield tag="410" ind1="2" ind2=" ">
            <subfield code="a">Conservatorio Statale di Musica L. Cherubini, Biblioteca</subfield>
          </datafield>
          <datafield tag="622" ind1=" " ind2=" ">
            <subfield code="e">Conservatorio di Musica Luigi Cherubini,, Biblioteca, Piazzetta delle Belle Arti 2, 50121
              Firenze (Regione Toscana), Italy</subfield>
            <subfield code="u">http://www.conservatorio.firenze.it/index.php?id=24</subfield>
          </datafield>
          <datafield tag="852" ind1="2" ind2=" ">
            <subfield code="b">43.7764107, 11.258274</subfield>
          </datafield>
          <idzebra xmlns="http://www.indexdata.dk/zebra/">
            <size>547</size>
            <score>598</score>
            <localnumber>831049</localnumber>
            <filename>sigla/sigla.mrc</filename>
          </idzebra>
        </record>
      </zs:recordData>
      <zs:recordPosition>200</zs:recordPosition>
    </zs:record>