
    <zs:record>
      <zs:recordPacking>xml</zs:recordPacking>
      <zs:recordData>
        <record xmlns="http://www.loc.gov/MARC21/slim">
          <leader>00707nz a2200169 4500</leader>
          <controlfield tag="001">30001978</controlfield>
          <controlfield tag="003">RISM</controlfield>
          <controlfield tag="005">20121108</controlfield>
          <controlfield tag="008">121108n||az|||||||##########||||||||||||</controlfield>
          <datafield tag="043" ind1=" " ind2=" ">
            <subfield code="c">Italy</subfield>
          </datafield>
          <datafield tag="110" ind1="2" ind2=" ">
            <subfield code="a">Istituto di Lettere, Musica e Teatro della Fondazione Giorgio Cini, Biblioteca</subfield>
            <subfield code="c">Venezia</subfield>
            <subfield code="g">I-Vgc</subfield>
          </datafield>
          <datafield tag="410" ind1="2" ind2=" ">
            <subfield code="a">Biblioteca e Istituto della Fondazione Giorgio Cini</subfield>
          </datafield>
          <datafield tag="410" ind1="2" ind2=" ">
            <subfield code="a">Biblioteca dell' Istituto di Lettere, Musica e Teatro della Fondazione Giogio
              Cini</subfield>
          </datafield>
          <datafield tag="410" ind1="2" ind2=" ">
            <subfield code="a">S. Giorgio Maggiore</subfield>
          </datafield>
          <datafield tag="622" ind1=" " ind2=" ">
            <subfield code="e">Istituto di Lettere, Musica e Teatro, della Fondazione Giorgio Cini,, Biblioteca, Isola
              di San Giorgio Maggiore, 30124 Venezia, Italy</subfield>
          </datafield>
          <datafield tag="710" ind1="2" ind2=" ">
            <subfield code="a">Fondo Malipiero</subfield>
            <subfield code="0">30077402</subfield>
          </datafield>
          <datafield tag="852" ind1="2" ind2=" ">
            <subfield code="b">45.4343363, 12.3387844</subfield>
          </datafield>
          <idzebra xmlns="http://www.indexdata.dk/zebra/">
            <size>707</size>
            <score>598</score>
            <localnumber>831134</localnumber>
            <filename>sigla/sigla.mrc</filename>
          </idzebra>
        </record>
      </zs:recordData>
      <zs:recordPosition>261</zs:recordPosition>
    </zs:record>