
    <zs:record>
      <zs:recordPacking>xml</zs:recordPacking>
      <zs:recordData>
        <record xmlns="http://www.loc.gov/MARC21/slim">
          <leader>00394nz a2200121 4500</leader>
          <controlfield tag="001">30004607</controlfield>
          <controlfield tag="003">RISM</controlfield>
          <controlfield tag="005">20121108</controlfield>
          <controlfield tag="008">121108n||az|||||||##########||||||||||||</controlfield>
          <datafield tag="043" ind1=" " ind2=" ">
            <subfield code="c">Italy</subfield>
          </datafield>
          <datafield tag="110" ind1="2" ind2=" ">
            <subfield code="a">Convento dei Padri Cappuccini, Biblioteca</subfield>
            <subfield code="c">Aosta</subfield>
            <subfield code="g">I-AOcc</subfield>
          </datafield>
          <datafield tag="622" ind1=" " ind2=" ">
            <subfield code="e">Convento dei Padri Cappuccini,, Biblioteca, Via E. Chanoux, I-11024 Chatillon, (Aosta).
              Regione Val'D Aosta</subfield>
          </datafield>
          <datafield tag="852" ind1="2" ind2=" ">
            <subfield code="b">45.7350001, 7.313234</subfield>
          </datafield>
          <idzebra xmlns="http://www.indexdata.dk/zebra/">
            <size>394</size>
            <score>598</score>
            <localnumber>831455</localnumber>
            <filename>sigla/sigla.mrc</filename>
          </idzebra>
        </record>
      </zs:recordData>
      <zs:recordPosition>306</zs:recordPosition>
    </zs:record>