
    <zs:record>
      <zs:recordPacking>xml</zs:recordPacking>
      <zs:recordData>
        <record xmlns="http://www.loc.gov/MARC21/slim">
          <leader>00663nz a2200121 4500</leader>
          <controlfield tag="001">30004610</controlfield>
          <controlfield tag="003">RISM</controlfield>
          <controlfield tag="005">20121108</controlfield>
          <controlfield tag="008">121108n||az|||||||##########||||||||||||</controlfield>
          <datafield tag="043" ind1=" " ind2=" ">
            <subfield code="c">Italy</subfield>
          </datafield>
          <datafield tag="110" ind1="2" ind2=" ">
            <subfield code="a">Università degli Studi di Siena, sede di Arezzo Facoltà di Magistero Dipartimento di
              Teoria e Document. Tradizioni Culturali Storia della Musica</subfield>
            <subfield code="c">Arezzo</subfield>
            <subfield code="g">I-ARu</subfield>
          </datafield>
          <datafield tag="410" ind1="2" ind2=" ">
            <subfield code="a">Università degli Studi di Siena sede di Arezzo, Istituto di Storia della Musica,
              Bibliote</subfield>
          </datafield>
          <datafield tag="622" ind1=" " ind2=" ">
            <subfield code="e">Università degli Studi di Siena, sede, di Arezzo Facoltà di Magistero, Dipartimento di
              Teoria e Document., Tradizioni Culturali Storia della Musica, Via S. Fabiano 9, I-52100 Arezzo., Regione
              Toscana</subfield>
          </datafield>
          <idzebra xmlns="http://www.indexdata.dk/zebra/">
            <size>663</size>
            <score>598</score>
            <localnumber>831457</localnumber>
            <filename>sigla/sigla.mrc</filename>
          </idzebra>
        </record>
      </zs:recordData>
      <zs:recordPosition>308</zs:recordPosition>
    </zs:record>