
    <zs:record>
      <zs:recordPacking>xml</zs:recordPacking>
      <zs:recordData>
        <record xmlns="http://www.loc.gov/MARC21/slim">
          <leader>00464nz a2200121 4500</leader>
          <controlfield tag="001">30005002</controlfield>
          <controlfield tag="003">RISM</controlfield>
          <controlfield tag="005">20121108</controlfield>
          <controlfield tag="008">121108n||az|||||||##########||||||||||||</controlfield>
          <datafield tag="043" ind1=" " ind2=" ">
            <subfield code="c">Italy</subfield>
          </datafield>
          <datafield tag="110" ind1="2" ind2=" ">
            <subfield code="a">Seminario Arcivescovile, Biblioteca</subfield>
            <subfield code="c">Udine</subfield>
            <subfield code="g">I-UDs</subfield>
          </datafield>
          <datafield tag="410" ind1="2" ind2=" ">
            <subfield code="a">Biblioteca del Seminario e della Curia Arcivescovile. Biblioteca e Archivio Capitolari
              del Duomo</subfield>
          </datafield>
          <datafield tag="622" ind1=" " ind2=" ">
            <subfield code="e">Seminario Arcivescovile, Biblioteca, Viale Ungheria 18 (20 ?), I-33100, Udine. Regione
              Friuli Venezia Giulia</subfield>
          </datafield>
          <idzebra xmlns="http://www.indexdata.dk/zebra/">
            <size>464</size>
            <score>598</score>
            <localnumber>831489</localnumber>
            <filename>sigla/sigla.mrc</filename>
          </idzebra>
        </record>
      </zs:recordData>
      <zs:recordPosition>324</zs:recordPosition>
    </zs:record>