
    <zs:record>
      <zs:recordPacking>xml</zs:recordPacking>
      <zs:recordData>
        <record xmlns="http://www.loc.gov/MARC21/slim">
          <leader>00430nz a2200121 4500</leader>
          <controlfield tag="001">30005016</controlfield>
          <controlfield tag="003">RISM</controlfield>
          <controlfield tag="005">20121108</controlfield>
          <controlfield tag="008">121108n||az|||||||##########||||||||||||</controlfield>
          <datafield tag="043" ind1=" " ind2=" ">
            <subfield code="c">Italy</subfield>
          </datafield>
          <datafield tag="110" ind1="2" ind2=" ">
            <subfield code="a">Civico Istituto Musicale Luigi Costa, Biblioteca</subfield>
            <subfield code="c">Vigevano</subfield>
            <subfield code="g">I-VIGi</subfield>
          </datafield>
          <datafield tag="410" ind1="2" ind2=" ">
            <subfield code="a">Civico Istituto Musicale A. Costa, Biblioteca</subfield>
          </datafield>
          <datafield tag="622" ind1=" " ind2=" ">
            <subfield code="e">Civico Istituto Musicale Luigi Costa,, Biblioteca, Corso Milano 4, I-27029 Vigevano
              (PV)., Regione Lombardia</subfield>
          </datafield>
          <idzebra xmlns="http://www.indexdata.dk/zebra/">
            <size>430</size>
            <score>598</score>
            <localnumber>831549</localnumber>
            <filename>sigla/sigla.mrc</filename>
          </idzebra>
        </record>
      </zs:recordData>
      <zs:recordPosition>335</zs:recordPosition>
    </zs:record>