
    <zs:record>
      <zs:recordPacking>xml</zs:recordPacking>
      <zs:recordData>
        <record xmlns="http://www.loc.gov/MARC21/slim">
          <leader>00504nz a2200121 4500</leader>
          <controlfield tag="001">30001752</controlfield>
          <controlfield tag="003">RISM</controlfield>
          <controlfield tag="005">20121108</controlfield>
          <controlfield tag="008">121108n||az|||||||##########||||||||||||</controlfield>
          <datafield tag="043" ind1=" " ind2=" ">
            <subfield code="c">Italy</subfield>
          </datafield>
          <datafield tag="110" ind1="2" ind2=" ">
            <subfield code="a">Biblioteca Civica Queriniana</subfield>
            <subfield code="c">Brescia</subfield>
            <subfield code="g">I-BRq</subfield>
          </datafield>
          <datafield tag="622" ind1=" " ind2=" ">
            <subfield code="e">Biblioteca Civica Queriniana, Via Mazzini, 1, 25121 Brescia, Italy</subfield>
            <subfield code="u"
              >http://www.comune.brescia.it/Eventi/Servizi+al+Cittadino/vivere+tempo+libero+e+cultura/biblioteche+luoghi+di+consultazione+e+prestito/Biblioteca+Queriniana.htm</subfield>
          </datafield>
          <datafield tag="852" ind1="2" ind2=" ">
            <subfield code="b">45.5385285, 10.2225656</subfield>
          </datafield>
          <idzebra xmlns="http://www.indexdata.dk/zebra/">
            <size>504</size>
            <score>598</score>
            <localnumber>831573</localnumber>
            <filename>sigla/sigla.mrc</filename>
          </idzebra>
        </record>
      </zs:recordData>
      <zs:recordPosition>347</zs:recordPosition>
    </zs:record>