
    <zs:record>
      <zs:recordPacking>xml</zs:recordPacking>
      <zs:recordData>
        <record xmlns="http://www.loc.gov/MARC21/slim">
          <leader>00559nz a2200145 4500</leader>
          <controlfield tag="001">30001754</controlfield>
          <controlfield tag="003">RISM</controlfield>
          <controlfield tag="005">20121108</controlfield>
          <controlfield tag="008">121108n||az|||||||##########||||||||||||</controlfield>
          <datafield tag="043" ind1=" " ind2=" ">
            <subfield code="c">Italy</subfield>
          </datafield>
          <datafield tag="110" ind1="2" ind2=" ">
            <subfield code="a">Seminario Maggiore, Biblioteca</subfield>
            <subfield code="c">Bressanone</subfield>
            <subfield code="g">I-BREs</subfield>
          </datafield>
          <datafield tag="410" ind1="2" ind2=" ">
            <subfield code="a">Bischöfliches Priesterseminar Brixen, Bibliothek</subfield>
          </datafield>
          <datafield tag="410" ind1="2" ind2=" ">
            <subfield code="a">Biblioteca del Seminario Maggiore, "Vincentinum"</subfield>
          </datafield>
          <datafield tag="622" ind1=" " ind2=" ">
            <subfield code="e">Seminario Maggiore, Biblioteca, Piazza Seminario 4, 39042 Bressanone, Italy</subfield>
            <subfield code="u">http://www.priesterseminar.it/</subfield>
          </datafield>
          <datafield tag="688" ind1="2" ind2=" ">
            <subfield code="a">Series A/I: BRE; N-Grove: BRE; Series B: BRE; Series B: BRIs</subfield>
          </datafield>
          <idzebra xmlns="http://www.indexdata.dk/zebra/">
            <size>559</size>
            <score>598</score>
            <localnumber>831574</localnumber>
            <filename>sigla/sigla.mrc</filename>
          </idzebra>
        </record>
      </zs:recordData>
      <zs:recordPosition>348</zs:recordPosition>
    </zs:record>