
    <zs:record>
      <zs:recordPacking>xml</zs:recordPacking>
      <zs:recordData>
        <record xmlns="http://www.loc.gov/MARC21/slim">
          <leader>00565nz a2200133 4500</leader>
          <controlfield tag="001">30001737</controlfield>
          <controlfield tag="003">RISM</controlfield>
          <controlfield tag="005">20121108</controlfield>
          <controlfield tag="008">121108n||az|||||||##########||||||||||||</controlfield>
          <datafield tag="043" ind1=" " ind2=" ">
            <subfield code="c">Italy</subfield>
          </datafield>
          <datafield tag="110" ind1="2" ind2=" ">
            <subfield code="a">Basilica Cattedrale di Santa Maria Assunta, Biblioteca Capitolare e Museo</subfield>
            <subfield code="c">Atri</subfield>
            <subfield code="g">I-AT</subfield>
          </datafield>
          <datafield tag="410" ind1="2" ind2=" ">
            <subfield code="a">Biblioteca Capitolare, Museo della Basilica Cattedrale</subfield>
          </datafield>
          <datafield tag="410" ind1="2" ind2=" ">
            <subfield code="a">Basilica Cattedrale Santa Maria Assunta, Biblioteca Capitolare e Museo</subfield>
          </datafield>
          <datafield tag="622" ind1=" " ind2=" ">
            <subfield code="e">Basilica Cattedrale di Santa Maria, Assunta, Biblioteca Capitolare e Museo, Via Luca
              d'Atri, I-64032 Atri (TE)., Regione Abruzzo</subfield>
          </datafield>
          <idzebra xmlns="http://www.indexdata.dk/zebra/">
            <size>565</size>
            <score>598</score>
            <localnumber>831702</localnumber>
            <filename>sigla/sigla.mrc</filename>
          </idzebra>
        </record>
      </zs:recordData>
      <zs:recordPosition>363</zs:recordPosition>
    </zs:record>