
    <zs:record>
      <zs:recordPacking>xml</zs:recordPacking>
      <zs:recordData>
        <record xmlns="http://www.loc.gov/MARC21/slim">
          <leader>00520nz a2200145 4500</leader>
          <controlfield tag="001">30001742</controlfield>
          <controlfield tag="003">RISM</controlfield>
          <controlfield tag="005">20121108</controlfield>
          <controlfield tag="008">121108n||az|||||||##########||||||||||||</controlfield>
          <datafield tag="043" ind1=" " ind2=" ">
            <subfield code="c">Italy</subfield>
          </datafield>
          <datafield tag="110" ind1="2" ind2=" ">
            <subfield code="a">Congregazione dell'Oratorio (Padri Filippini), Biblioteca</subfield>
            <subfield code="c">Bologna</subfield>
            <subfield code="g">I-Bof</subfield>
          </datafield>
          <datafield tag="410" ind1="2" ind2=" ">
            <subfield code="a">Biblioteca dell'Oratorio dei Filippini</subfield>
          </datafield>
          <datafield tag="622" ind1=" " ind2=" ">
            <subfield code="e">Congregazione dell'Oratorio (Padri, Filippini), Biblioteca, Via Manzoni 5, 40121 Bologna,
              Italy</subfield>
            <subfield code="u">http://www.oratoriosanfilippo.org/bologna/</subfield>
          </datafield>
          <datafield tag="670" ind1="2" ind2=" ">
            <subfield code="a">305</subfield>
          </datafield>
          <datafield tag="852" ind1="2" ind2=" ">
            <subfield code="b">44.4964652, 11.3424317</subfield>
          </datafield>
          <idzebra xmlns="http://www.indexdata.dk/zebra/">
            <size>520</size>
            <score>598</score>
            <localnumber>831706</localnumber>
            <filename>sigla/sigla.mrc</filename>
          </idzebra>
        </record>
      </zs:recordData>
      <zs:recordPosition>367</zs:recordPosition>
    </zs:record>