
    <zs:record>
      <zs:recordPacking>xml</zs:recordPacking>
      <zs:recordData>
        <record xmlns="http://www.loc.gov/MARC21/slim">
          <leader>00776nz a2200193 4500</leader>
          <controlfield tag="001">30001779</controlfield>
          <controlfield tag="003">RISM</controlfield>
          <controlfield tag="005">20121108</controlfield>
          <controlfield tag="008">121108n||az|||||||##########||||||||||||</controlfield>
          <datafield tag="043" ind1=" " ind2=" ">
            <subfield code="c">Italy</subfield>
          </datafield>
          <datafield tag="110" ind1="2" ind2=" ">
            <subfield code="a">Opera del Duomo (S. Maria del Fiore), Biblioteca e Archivio</subfield>
            <subfield code="c">Firenze</subfield>
            <subfield code="g">I-Fd</subfield>
          </datafield>
          <datafield tag="410" ind1="2" ind2=" ">
            <subfield code="a">Duomo</subfield>
          </datafield>
          <datafield tag="410" ind1="2" ind2=" ">
            <subfield code="a">Archivio del Duomo</subfield>
          </datafield>
          <datafield tag="410" ind1="2" ind2=" ">
            <subfield code="a">Duomo, Archivio Musicale dell' Opera di Santa Maria del Fiore</subfield>
          </datafield>
          <datafield tag="410" ind1="2" ind2=" ">
            <subfield code="a">Archivio del Duomo, Archivio musicale dell' opera di S. Maria del Fiore</subfield>
          </datafield>
          <datafield tag="410" ind1="2" ind2=" ">
            <subfield code="a">Opera del Duomo (S. Maria del Fiore), Biblioteca</subfield>
          </datafield>
          <datafield tag="410" ind1="2" ind2=" ">
            <subfield code="a">Archivio del Duomo (Opera di S. Maria del Fiore)</subfield>
          </datafield>
          <datafield tag="622" ind1=" " ind2=" ">
            <subfield code="e">Opera del Duomo (S. Maria del Fiore),, Biblioteca e Archivio, Piazza del Duomo 17,
              I-50122 Firenze., Regione Toscana</subfield>
          </datafield>
          <datafield tag="852" ind1="2" ind2=" ">
            <subfield code="b">43.7687324, 11.2569013</subfield>
          </datafield>
          <idzebra xmlns="http://www.indexdata.dk/zebra/">
            <size>776</size>
            <score>598</score>
            <localnumber>831780</localnumber>
            <filename>sigla/sigla.mrc</filename>
          </idzebra>
        </record>
      </zs:recordData>
      <zs:recordPosition>383</zs:recordPosition>
    </zs:record>