
    <zs:record>
      <zs:recordPacking>xml</zs:recordPacking>
      <zs:recordData>
        <record xmlns="http://www.loc.gov/MARC21/slim">
          <leader>00521nz a2200133 4500</leader>
          <controlfield tag="001">30001731</controlfield>
          <controlfield tag="003">RISM</controlfield>
          <controlfield tag="005">20121108</controlfield>
          <controlfield tag="008">121108n||az|||||||##########||||||||||||</controlfield>
          <datafield tag="043" ind1=" " ind2=" ">
            <subfield code="c">Italy</subfield>
          </datafield>
          <datafield tag="110" ind1="2" ind2=" ">
            <subfield code="a">Conservatorio Statale di Musica Antonio Vivaldi, Biblioteca
              &lt;Alessandria&gt;</subfield>
            <subfield code="c">Alessandria</subfield>
            <subfield code="g">I-ALEi</subfield>
          </datafield>
          <datafield tag="410" ind1="2" ind2=" ">
            <subfield code="a">Istituto Musicale Antonio Vivaldi</subfield>
          </datafield>
          <datafield tag="410" ind1="2" ind2=" ">
            <subfield code="a">Istituto Musicale</subfield>
          </datafield>
          <datafield tag="622" ind1=" " ind2=" ">
            <subfield code="e">Conservatorio Statale di Musica Antonio, Vivaldi, Biblioteca, Via Parma 1, I-15100
              Alessandria., Regione Piemonte</subfield>
            <subfield code="u">http://www.conservatoriovivaldi.it</subfield>
          </datafield>
          <idzebra xmlns="http://www.indexdata.dk/zebra/">
            <size>521</size>
            <score>598</score>
            <localnumber>831887</localnumber>
            <filename>sigla/sigla.mrc</filename>
          </idzebra>
        </record>
      </zs:recordData>
      <zs:recordPosition>405</zs:recordPosition>
    </zs:record>