
    <zs:record>
      <zs:recordPacking>xml</zs:recordPacking>
      <zs:recordData>
        <record xmlns="http://www.loc.gov/MARC21/slim">
          <leader>00470nz a2200133 4500</leader>
          <controlfield tag="001">30001912</controlfield>
          <controlfield tag="003">RISM</controlfield>
          <controlfield tag="005">20121108</controlfield>
          <controlfield tag="008">121108n||az|||||||##########||||||||||||</controlfield>
          <datafield tag="043" ind1=" " ind2=" ">
            <subfield code="c">Italy</subfield>
          </datafield>
          <datafield tag="110" ind1="2" ind2=" ">
            <subfield code="a">Conservatorio Santa Cecilia, Biblioteca Musicale Governativa</subfield>
            <subfield code="c">Roma</subfield>
            <subfield code="g">I-Rsc</subfield>
          </datafield>
          <datafield tag="622" ind1=" " ind2=" ">
            <subfield code="e">Conservatorio Santa Cecilia, Biblioteca, Musicale Governativa, Via dei Greci n. 18, 00187
              Roma, Italy</subfield>
            <subfield code="u">http://www.conservatoriosantacecilia.it</subfield>
          </datafield>
          <datafield tag="670" ind1="2" ind2=" ">
            <subfield code="a">1260</subfield>
          </datafield>
          <datafield tag="852" ind1="2" ind2=" ">
            <subfield code="b">41.9074465, 12.4785168</subfield>
          </datafield>
          <idzebra xmlns="http://www.indexdata.dk/zebra/">
            <size>470</size>
            <score>598</score>
            <localnumber>831931</localnumber>
            <filename>sigla/sigla.mrc</filename>
          </idzebra>
        </record>
      </zs:recordData>
      <zs:recordPosition>408</zs:recordPosition>
    </zs:record>