
    <zs:record>
      <zs:recordPacking>xml</zs:recordPacking>
      <zs:recordData>
        <record xmlns="http://www.loc.gov/MARC21/slim">
          <leader>00445nz a2200133 4500</leader>
          <controlfield tag="001">30001922</controlfield>
          <controlfield tag="003">RISM</controlfield>
          <controlfield tag="005">20121108</controlfield>
          <controlfield tag="008">121108n||az|||||||##########||||||||||||</controlfield>
          <datafield tag="110" ind1="2" ind2=" ">
            <subfield code="a">Biblioteca Apostolica Vaticana</subfield>
            <subfield code="c">Città del Vaticano</subfield>
            <subfield code="g">I-Rvat</subfield>
          </datafield>
          <datafield tag="510" ind1="2" ind2=" ">
            <subfield code="a">Biblioteca Apostolica Vaticana</subfield>
          </datafield>
          <datafield tag="680" ind1="2" ind2=" ">
            <subfield code="i">The siglum is unvalid. Use V-CVbav. / Sigel bitte nicht mehr verwenden. Benutze
              V-CVbav.</subfield>
          </datafield>
          <datafield tag="688" ind1="2" ind2=" ">
            <subfield code="a">Series B: Rv; Series B: R</subfield>
          </datafield>
          <datafield tag="852" ind1="2" ind2=" ">
            <subfield code="b">41.902916, 12.453389</subfield>
          </datafield>
          <idzebra xmlns="http://www.indexdata.dk/zebra/">
            <size>445</size>
            <score>598</score>
            <localnumber>831936</localnumber>
            <filename>sigla/sigla.mrc</filename>
          </idzebra>
        </record>
      </zs:recordData>
      <zs:recordPosition>413</zs:recordPosition>
    </zs:record>