
    <zs:record>
      <zs:recordPacking>xml</zs:recordPacking>
      <zs:recordData>
        <record xmlns="http://www.loc.gov/MARC21/slim">
          <leader>00451nz a2200133 4500</leader>
          <controlfield tag="001">30001952</controlfield>
          <controlfield tag="003">RISM</controlfield>
          <controlfield tag="005">20121108</controlfield>
          <controlfield tag="008">121108n||az|||||||##########||||||||||||</controlfield>
          <datafield tag="043" ind1=" " ind2=" ">
            <subfield code="c">Italy</subfield>
          </datafield>
          <datafield tag="110" ind1="2" ind2=" ">
            <subfield code="a">Istituto Musicale Pareggiato Giulio Briccialdi, Biblioteca</subfield>
            <subfield code="c">Terni</subfield>
            <subfield code="g">I-TE</subfield>
          </datafield>
          <datafield tag="410" ind1="2" ind2=" ">
            <subfield code="a">Civica Scuola di Musica</subfield>
          </datafield>
          <datafield tag="622" ind1=" " ind2=" ">
            <subfield code="e">Istituto Musicale Pareggiato Giulio, Briccialdi, Biblioteca, Via Manassei 6, I-05100
              Terni. Regione, Umbria</subfield>
          </datafield>
          <datafield tag="852" ind1="2" ind2=" ">
            <subfield code="b">42.5602192, 12.6467812</subfield>
          </datafield>
          <idzebra xmlns="http://www.indexdata.dk/zebra/">
            <size>451</size>
            <score>598</score>
            <localnumber>831992</localnumber>
            <filename>sigla/sigla.mrc</filename>
          </idzebra>
        </record>
      </zs:recordData>
      <zs:recordPosition>432</zs:recordPosition>
    </zs:record>