
    <zs:record>
      <zs:recordPacking>xml</zs:recordPacking>
      <zs:recordData>
        <record xmlns="http://www.loc.gov/MARC21/slim">
          <leader>00467nz a2200133 4500</leader>
          <controlfield tag="001">30005039</controlfield>
          <controlfield tag="003">RISM</controlfield>
          <controlfield tag="005">20121108</controlfield>
          <controlfield tag="008">121108n||az|||||||##########||||||||||||</controlfield>
          <datafield tag="043" ind1=" " ind2=" ">
            <subfield code="c">Italy</subfield>
          </datafield>
          <datafield tag="110" ind1="2" ind2=" ">
            <subfield code="a">Conservatorio di Musica Domenico Cimarosa, Biblioteca</subfield>
            <subfield code="c">Avellino</subfield>
            <subfield code="g">I-AVc</subfield>
          </datafield>
          <datafield tag="410" ind1="2" ind2=" ">
            <subfield code="a">Conservatorio Statale di Musica D. Cimarosa</subfield>
          </datafield>
          <datafield tag="622" ind1=" " ind2=" ">
            <subfield code="e">Conservatorio di Musica Domenico, Cimarosa, Biblioteca, Rione Parco, I-83100 Avellino.
              Regione, Campania</subfield>
          </datafield>
          <datafield tag="852" ind1="2" ind2=" ">
            <subfield code="b">40.9147487, 14.7927229</subfield>
          </datafield>
          <idzebra xmlns="http://www.indexdata.dk/zebra/">
            <size>467</size>
            <score>598</score>
            <localnumber>831995</localnumber>
            <filename>sigla/sigla.mrc</filename>
          </idzebra>
        </record>
      </zs:recordData>
      <zs:recordPosition>435</zs:recordPosition>
    </zs:record>