
    <zs:record>
      <zs:recordPacking>xml</zs:recordPacking>
      <zs:recordData>
        <record xmlns="http://www.loc.gov/MARC21/slim">
          <leader>00578nz a2200133 4500</leader>
          <controlfield tag="001">30005043</controlfield>
          <controlfield tag="003">RISM</controlfield>
          <controlfield tag="005">20121108</controlfield>
          <controlfield tag="008">121108n||az|||||||##########||||||||||||</controlfield>
          <datafield tag="043" ind1=" " ind2=" ">
            <subfield code="c">Italy</subfield>
          </datafield>
          <datafield tag="110" ind1="2" ind2=" ">
            <subfield code="a">Facoltà di Lingue e Letterature Straniere, Università degli Studi di Bari,
              Biblioteca</subfield>
            <subfield code="c">Bari</subfield>
            <subfield code="g">I-BAu</subfield>
          </datafield>
          <datafield tag="410" ind1="2" ind2=" ">
            <subfield code="a">Biblioteca Centrale della Università degli Studi di Bari, Facoltà di Lingue, Storia di
              M</subfield>
          </datafield>
          <datafield tag="622" ind1=" " ind2=" ">
            <subfield code="e">Facoltà di Lingue e Letterature, Straniere, Università degli Studi di, Bari, Biblioteca,
              Via Sorrentino 8, I-70122 Bari. Regione, Puglia</subfield>
          </datafield>
          <datafield tag="852" ind1="2" ind2=" ">
            <subfield code="b">41.1259998, 16.8683784</subfield>
          </datafield>
          <idzebra xmlns="http://www.indexdata.dk/zebra/">
            <size>578</size>
            <score>598</score>
            <localnumber>831998</localnumber>
            <filename>sigla/sigla.mrc</filename>
          </idzebra>
        </record>
      </zs:recordData>
      <zs:recordPosition>438</zs:recordPosition>
    </zs:record>