
    <zs:record>
      <zs:recordPacking>xml</zs:recordPacking>
      <zs:recordData>
        <record xmlns="http://www.loc.gov/MARC21/slim">
          <leader>00322nz a2200109 4500</leader>
          <controlfield tag="001">30005410</controlfield>
          <controlfield tag="003">RISM</controlfield>
          <controlfield tag="005">20121108</controlfield>
          <controlfield tag="008">121108n||az|||||||##########||||||||||||</controlfield>
          <datafield tag="043" ind1=" " ind2=" ">
            <subfield code="c">Italy</subfield>
          </datafield>
          <datafield tag="110" ind1="2" ind2=" ">
            <subfield code="a">Chiesa Parrocchiale</subfield>
            <subfield code="c">San Frediano</subfield>
            <subfield code="g">I-SFO</subfield>
          </datafield>
          <datafield tag="622" ind1=" " ind2=" ">
            <subfield code="e">Chiesa Parrocchiale, Via di Mezzo Nord 51/B, I-56026 San, Frediano (PI). Regione
              Toscana</subfield>
          </datafield>
          <idzebra xmlns="http://www.indexdata.dk/zebra/">
            <size>322</size>
            <score>598</score>
            <localnumber>832009</localnumber>
            <filename>sigla/sigla.mrc</filename>
          </idzebra>
        </record>
      </zs:recordData>
      <zs:recordPosition>448</zs:recordPosition>
    </zs:record>