
    <zs:record>
      <zs:recordPacking>xml</zs:recordPacking>
      <zs:recordData>
        <record xmlns="http://www.loc.gov/MARC21/slim">
          <leader>00672nz a2200157 4500</leader>
          <controlfield tag="001">30001822</controlfield>
          <controlfield tag="003">RISM</controlfield>
          <controlfield tag="005">20121108</controlfield>
          <controlfield tag="008">121108n||az|||||||##########||||||||||||</controlfield>
          <datafield tag="043" ind1=" " ind2=" ">
            <subfield code="c">Italy</subfield>
          </datafield>
          <datafield tag="110" ind1="2" ind2=" ">
            <subfield code="a">Archivio Storico Diocesano (Curia Arcivescovile di Milano), Biblioteca</subfield>
            <subfield code="c">Milano</subfield>
            <subfield code="g">I-Mca</subfield>
          </datafield>
          <datafield tag="410" ind1="2" ind2=" ">
            <subfield code="a">Archivio della Curia Arcivescovile</subfield>
          </datafield>
          <datafield tag="410" ind1="2" ind2=" ">
            <subfield code="a">Biblioteca e Archivio Storico Diocesani</subfield>
          </datafield>
          <datafield tag="410" ind1="2" ind2=" ">
            <subfield code="a">Curia Arcivescovile, Biblioteca dell' Archivio della Curia</subfield>
          </datafield>
          <datafield tag="622" ind1=" " ind2=" ">
            <subfield code="e">Archivio Storico Diocesano (Curia, Arcivescovile di Milano), Biblioteca, (Nella chiesa di
              S. Stefano in Brolio),, Piazza Fontana 2, I-20122 Milano (oder:, Via della Signora 1</subfield>
          </datafield>
          <datafield tag="852" ind1="2" ind2=" ">
            <subfield code="b">45.463681, 9.1881714</subfield>
          </datafield>
          <idzebra xmlns="http://www.indexdata.dk/zebra/">
            <size>672</size>
            <score>598</score>
            <localnumber>832034</localnumber>
            <filename>sigla/sigla.mrc</filename>
          </idzebra>
        </record>
      </zs:recordData>
      <zs:recordPosition>467</zs:recordPosition>
    </zs:record>