
    <zs:record>
      <zs:recordPacking>xml</zs:recordPacking>
      <zs:recordData>
        <record xmlns="http://www.loc.gov/MARC21/slim">
          <leader>00436nz a2200121 4500</leader>
          <controlfield tag="001">30004597</controlfield>
          <controlfield tag="003">RISM</controlfield>
          <controlfield tag="005">20121108</controlfield>
          <controlfield tag="008">121108n||az|||||||##########||||||||||||</controlfield>
          <datafield tag="043" ind1=" " ind2=" ">
            <subfield code="c">Italy</subfield>
          </datafield>
          <datafield tag="110" ind1="2" ind2=" ">
            <subfield code="a">Associazione Amici della Musica Saverio Mercadante, Biblioteca</subfield>
            <subfield code="c">Altamura</subfield>
            <subfield code="g">I-ALTsm</subfield>
          </datafield>
          <datafield tag="622" ind1=" " ind2=" ">
            <subfield code="e">Associazione Amici della Musica Saverio, Mercadante, Biblioteca, Via S. Agostino 76,
              I-70022 Altamura, (BA). Regione Puglia</subfield>
          </datafield>
          <datafield tag="852" ind1="2" ind2=" ">
            <subfield code="b">40.830257, 16.5545229</subfield>
          </datafield>
          <idzebra xmlns="http://www.indexdata.dk/zebra/">
            <size>436</size>
            <score>598</score>
            <localnumber>832055</localnumber>
            <filename>sigla/sigla.mrc</filename>
          </idzebra>
        </record>
      </zs:recordData>
      <zs:recordPosition>476</zs:recordPosition>
    </zs:record>