
    <zs:record>
      <zs:recordPacking>xml</zs:recordPacking>
      <zs:recordData>
        <record xmlns="http://www.loc.gov/MARC21/slim">
          <leader>00356nz a2200121 4500</leader>
          <controlfield tag="001">30005891</controlfield>
          <controlfield tag="003">RISM</controlfield>
          <controlfield tag="005">20121108</controlfield>
          <controlfield tag="008">121108n||az|||||||##########||||||||||||</controlfield>
          <datafield tag="043" ind1=" " ind2=" ">
            <subfield code="c">Italy</subfield>
          </datafield>
          <datafield tag="110" ind1="2" ind2=" ">
            <subfield code="a">Biblioteca Comunale</subfield>
            <subfield code="c">Otricoli</subfield>
            <subfield code="g">I-OTIbc</subfield>
          </datafield>
          <datafield tag="622" ind1=" " ind2=" ">
            <subfield code="e">Biblioteca Comunale, Via Vittorio Emanuele 11, I-05030, Otricoli (TR). Regione
              Umbria</subfield>
          </datafield>
          <datafield tag="852" ind1="2" ind2=" ">
            <subfield code="b">42.3612097, 12.4792725</subfield>
          </datafield>
          <idzebra xmlns="http://www.indexdata.dk/zebra/">
            <size>356</size>
            <score>598</score>
            <localnumber>832171</localnumber>
            <filename>sigla/sigla.mrc</filename>
          </idzebra>
        </record>
      </zs:recordData>
      <zs:recordPosition>495</zs:recordPosition>
    </zs:record>