
    <zs:record>
      <zs:recordPacking>xml</zs:recordPacking>
      <zs:recordData>
        <record xmlns="http://www.loc.gov/MARC21/slim">
          <leader>00661nz a2200145 4500</leader>
          <controlfield tag="001">30004918</controlfield>
          <controlfield tag="003">RISM</controlfield>
          <controlfield tag="005">20121108</controlfield>
          <controlfield tag="008">121108n||az|||||||##########||||||||||||</controlfield>
          <datafield tag="043" ind1=" " ind2=" ">
            <subfield code="c">Italy</subfield>
          </datafield>
          <datafield tag="110" ind1="2" ind2=" ">
            <subfield code="a">Biblioteca Sylvestro Ganassi (Società Italiana del Flauto Dolce)</subfield>
            <subfield code="c">Roma</subfield>
            <subfield code="g">I-Rsifd</subfield>
          </datafield>
          <datafield tag="410" ind1="2" ind2=" ">
            <subfield code="a">Biblioteca Silvestro Ganassi (Società Italiana del Flauto Dolce)</subfield>
          </datafield>
          <datafield tag="410" ind1="2" ind2=" ">
            <subfield code="a">Biblioteca Silvestro Ganassi della Fondazione Italiana per la Musica Antica (Società
              Italiana del</subfield>
          </datafield>
          <datafield tag="622" ind1=" " ind2=" ">
            <subfield code="e">Biblioteca Sylvestro Ganassi (Società, Italiana del Flauto Dolce), Presso Scuola
              Pistelli, via Monte Zebio, 33 (via Confalonieri 5/A ?), I-00195, Roma</subfield>
          </datafield>
          <datafield tag="852" ind1="2" ind2=" ">
            <subfield code="b">41.8905198, 12.4942486</subfield>
          </datafield>
          <idzebra xmlns="http://www.indexdata.dk/zebra/">
            <size>661</size>
            <score>598</score>
            <localnumber>832201</localnumber>
            <filename>sigla/sigla.mrc</filename>
          </idzebra>
        </record>
      </zs:recordData>
      <zs:recordPosition>504</zs:recordPosition>
    </zs:record>