
    <zs:record>
      <zs:recordPacking>xml</zs:recordPacking>
      <zs:recordData>
        <record xmlns="http://www.loc.gov/MARC21/slim">
          <leader>00357nz a2200109 4500</leader>
          <controlfield tag="001">30005219</controlfield>
          <controlfield tag="003">RISM</controlfield>
          <controlfield tag="005">20121108</controlfield>
          <controlfield tag="008">121108n||az|||||||##########||||||||||||</controlfield>
          <datafield tag="043" ind1=" " ind2=" ">
            <subfield code="c">Italy</subfield>
          </datafield>
          <datafield tag="110" ind1="2" ind2=" ">
            <subfield code="a">Chiesa dei SS. Martino e Gioacchino, Archivio</subfield>
            <subfield code="c">Magenta</subfield>
            <subfield code="g">I-MGNmg</subfield>
          </datafield>
          <datafield tag="622" ind1=" " ind2=" ">
            <subfield code="e">Chiesa dei SS. Martino e Gioacchino,, Archivio, Via Roma 7, I-20013 Magenta (MI).,
              Regione Lombardia</subfield>
          </datafield>
          <idzebra xmlns="http://www.indexdata.dk/zebra/">
            <size>357</size>
            <score>598</score>
            <localnumber>832266</localnumber>
            <filename>sigla/sigla.mrc</filename>
          </idzebra>
        </record>
      </zs:recordData>
      <zs:recordPosition>508</zs:recordPosition>
    </zs:record>