
    <zs:record>
      <zs:recordPacking>xml</zs:recordPacking>
      <zs:recordData>
        <record xmlns="http://www.loc.gov/MARC21/slim">
          <leader>00598nz a2200145 4500</leader>
          <controlfield tag="001">30004814</controlfield>
          <controlfield tag="003">RISM</controlfield>
          <controlfield tag="005">20121108</controlfield>
          <controlfield tag="008">121108n||az|||||||##########||||||||||||</controlfield>
          <datafield tag="043" ind1=" " ind2=" ">
            <subfield code="c">Italy</subfield>
          </datafield>
          <datafield tag="110" ind1="2" ind2=" ">
            <subfield code="a">Civica Raccolta delle Stampe Archille Bertarelli, Biblioteca</subfield>
            <subfield code="c">Milano</subfield>
            <subfield code="g">I-Mrsb</subfield>
          </datafield>
          <datafield tag="410" ind1="2" ind2=" ">
            <subfield code="a">Civica Raccolta di Stampe Bertarelli, Biblioteca</subfield>
          </datafield>
          <datafield tag="410" ind1="2" ind2=" ">
            <subfield code="a">Civica Raccolta Bertarelli delle stampe e dei disegni (Castello sforzesco)</subfield>
          </datafield>
          <datafield tag="622" ind1=" " ind2=" ">
            <subfield code="e">Civica Raccolta delle Stampe Archille, Bertarelli, Biblioteca, Castello Sforzesco, Foro
              Buonaparte, I, -20121 Milano. Regione Lombardia</subfield>
          </datafield>
          <datafield tag="852" ind1="2" ind2=" ">
            <subfield code="b">45.463681, 9.1881714</subfield>
          </datafield>
          <idzebra xmlns="http://www.indexdata.dk/zebra/">
            <size>598</size>
            <score>598</score>
            <localnumber>832359</localnumber>
            <filename>sigla/sigla.mrc</filename>
          </idzebra>
        </record>
      </zs:recordData>
      <zs:recordPosition>538</zs:recordPosition>
    </zs:record>