
    <zs:record>
      <zs:recordPacking>xml</zs:recordPacking>
      <zs:recordData>
        <record xmlns="http://www.loc.gov/MARC21/slim">
          <leader>00412nz a2200121 4500</leader>
          <controlfield tag="001">30005319</controlfield>
          <controlfield tag="003">RISM</controlfield>
          <controlfield tag="005">20121108</controlfield>
          <controlfield tag="008">121108n||az|||||||##########||||||||||||</controlfield>
          <datafield tag="043" ind1=" " ind2=" ">
            <subfield code="c">Italy</subfield>
          </datafield>
          <datafield tag="110" ind1="2" ind2=" ">
            <subfield code="a">Centro di Documentazione dello Spettacolo, Biblioteca</subfield>
            <subfield code="c">Perugia</subfield>
            <subfield code="g">I-PEcds</subfield>
          </datafield>
          <datafield tag="622" ind1=" " ind2=" ">
            <subfield code="e">Centro di Documentazione dello, Spettacolo, Biblioteca, Piazza F. Morlacchi, I-06100
              Perugia., Regione Umbria</subfield>
          </datafield>
          <datafield tag="852" ind1="2" ind2=" ">
            <subfield code="b">43.1107009, 12.389172</subfield>
          </datafield>
          <idzebra xmlns="http://www.indexdata.dk/zebra/">
            <size>412</size>
            <score>598</score>
            <localnumber>832445</localnumber>
            <filename>sigla/sigla.mrc</filename>
          </idzebra>
        </record>
      </zs:recordData>
      <zs:recordPosition>548</zs:recordPosition>
    </zs:record>