
    <zs:record>
      <zs:recordPacking>xml</zs:recordPacking>
      <zs:recordData>
        <record xmlns="http://www.loc.gov/MARC21/slim">
          <leader>00417nz a2200121 4500</leader>
          <controlfield tag="001">30004626</controlfield>
          <controlfield tag="003">RISM</controlfield>
          <controlfield tag="005">20121108</controlfield>
          <controlfield tag="008">121108n||az|||||||##########||||||||||||</controlfield>
          <datafield tag="043" ind1=" " ind2=" ">
            <subfield code="c">Italy</subfield>
          </datafield>
          <datafield tag="110" ind1="2" ind2=" ">
            <subfield code="a">Biblioteca Provinciale dei Cappuccini di Puglia (S. Fara)</subfield>
            <subfield code="c">Bari</subfield>
            <subfield code="g">I-BAprc</subfield>
          </datafield>
          <datafield tag="622" ind1=" " ind2=" ">
            <subfield code="e">Biblioteca Provinciale dei Cappuccini, di Puglia (S. Fara), Via Gen. N. Bellomo 94,
              I-70124 Bari., Regione Puglia</subfield>
          </datafield>
          <datafield tag="852" ind1="2" ind2=" ">
            <subfield code="b">41.1011093, 16.847675</subfield>
          </datafield>
          <idzebra xmlns="http://www.indexdata.dk/zebra/">
            <size>417</size>
            <score>598</score>
            <localnumber>832481</localnumber>
            <filename>sigla/sigla.mrc</filename>
          </idzebra>
        </record>
      </zs:recordData>
      <zs:recordPosition>561</zs:recordPosition>
    </zs:record>