
    <zs:record>
      <zs:recordPacking>xml</zs:recordPacking>
      <zs:recordData>
        <record xmlns="http://www.loc.gov/MARC21/slim">
          <leader>00434nz a2200121 4500</leader>
          <controlfield tag="001">30004747</controlfield>
          <controlfield tag="003">RISM</controlfield>
          <controlfield tag="005">20121108</controlfield>
          <controlfield tag="008">121108n||az|||||||##########||||||||||||</controlfield>
          <datafield tag="043" ind1=" " ind2=" ">
            <subfield code="c">Italy</subfield>
          </datafield>
          <datafield tag="110" ind1="2" ind2=" ">
            <subfield code="a">Chiesa di Nostra Signora della Consolazione, Biblioteca</subfield>
            <subfield code="c">Genova</subfield>
            <subfield code="g">I-Gnsc</subfield>
          </datafield>
          <datafield tag="622" ind1=" " ind2=" ">
            <subfield code="e">Chiesa di Nostra Signora della, Consolazione, Biblioteca, Via XX Settembre (Via
              Consolazione 1, ?), I-16121 Genova. Regione Liguria</subfield>
          </datafield>
          <datafield tag="852" ind1="2" ind2=" ">
            <subfield code="b">44.4070624, 8.9339889</subfield>
          </datafield>
          <idzebra xmlns="http://www.indexdata.dk/zebra/">
            <size>434</size>
            <score>598</score>
            <localnumber>832495</localnumber>
            <filename>sigla/sigla.mrc</filename>
          </idzebra>
        </record>
      </zs:recordData>
      <zs:recordPosition>574</zs:recordPosition>
    </zs:record>