
    <zs:record>
      <zs:recordPacking>xml</zs:recordPacking>
      <zs:recordData>
        <record xmlns="http://www.loc.gov/MARC21/slim">
          <leader>00380nz a2200121 4500</leader>
          <controlfield tag="001">30004794</controlfield>
          <controlfield tag="003">RISM</controlfield>
          <controlfield tag="005">20121108</controlfield>
          <controlfield tag="008">121108n||az|||||||##########||||||||||||</controlfield>
          <datafield tag="043" ind1=" " ind2=" ">
            <subfield code="c">Italy</subfield>
          </datafield>
          <datafield tag="110" ind1="2" ind2=" ">
            <subfield code="a">Chiesa di S. Lorenzo Martire, Archivio</subfield>
            <subfield code="c">Laterza</subfield>
            <subfield code="g">I-LATsl</subfield>
          </datafield>
          <datafield tag="622" ind1=" " ind2=" ">
            <subfield code="e">Chiesa di S. Lorenzo Martire, Archivio, Via S. Lorenzo, I-74014 Laterza (TA)., Regione
              Puglia</subfield>
          </datafield>
          <datafield tag="852" ind1="2" ind2=" ">
            <subfield code="b">40.625852, 16.797843</subfield>
          </datafield>
          <idzebra xmlns="http://www.indexdata.dk/zebra/">
            <size>380</size>
            <score>598</score>
            <localnumber>832500</localnumber>
            <filename>sigla/sigla.mrc</filename>
          </idzebra>
        </record>
      </zs:recordData>
      <zs:recordPosition>579</zs:recordPosition>
    </zs:record>