
    <zs:record>
      <zs:recordPacking>xml</zs:recordPacking>
      <zs:recordData>
        <record xmlns="http://www.loc.gov/MARC21/slim">
          <leader>00411nz a2200121 4500</leader>
          <controlfield tag="001">30005226</controlfield>
          <controlfield tag="003">RISM</controlfield>
          <controlfield tag="005">20121108</controlfield>
          <controlfield tag="008">121108n||az|||||||##########||||||||||||</controlfield>
          <datafield tag="043" ind1=" " ind2=" ">
            <subfield code="c">Italy</subfield>
          </datafield>
          <datafield tag="110" ind1="2" ind2=" ">
            <subfield code="a">Conservatorio Statale di Musica E. R. Duni, Biblioteca</subfield>
            <subfield code="c">Matera</subfield>
            <subfield code="g">I-MATc</subfield>
          </datafield>
          <datafield tag="622" ind1=" " ind2=" ">
            <subfield code="e">Conservatorio Statale di Musica E. R., Duni, Biblioteca, Via Duomo 2/13, I-75100 Matera.
              Regione, Basilicata</subfield>
          </datafield>
          <datafield tag="852" ind1="2" ind2=" ">
            <subfield code="b">40.6686534, 16.6060872</subfield>
          </datafield>
          <idzebra xmlns="http://www.indexdata.dk/zebra/">
            <size>411</size>
            <score>598</score>
            <localnumber>832578</localnumber>
            <filename>sigla/sigla.mrc</filename>
          </idzebra>
        </record>
      </zs:recordData>
      <zs:recordPosition>585</zs:recordPosition>
    </zs:record>