
    <zs:record>
      <zs:recordPacking>xml</zs:recordPacking>
      <zs:recordData>
        <record xmlns="http://www.loc.gov/MARC21/slim">
          <leader>00479nz a2200121 4500</leader>
          <controlfield tag="001">30005241</controlfield>
          <controlfield tag="003">RISM</controlfield>
          <controlfield tag="005">20121108</controlfield>
          <controlfield tag="008">121108n||az|||||||##########||||||||||||</controlfield>
          <datafield tag="043" ind1=" " ind2=" ">
            <subfield code="c">Italy</subfield>
          </datafield>
          <datafield tag="110" ind1="2" ind2=" ">
            <subfield code="a">Museo Nazionale della Scienza e della Tecnica L. da Vinci (Sez. di Acustica),
              Biblioteca</subfield>
            <subfield code="c">Milano</subfield>
            <subfield code="g">I-Mms</subfield>
          </datafield>
          <datafield tag="622" ind1=" " ind2=" ">
            <subfield code="e">Museo Nazionale della Scienza e della, Tecnica L. da Vinci (Sez. di Acustica),,
              Biblioteca, Via S. Vittore 21, I-20121 Milano., Regione Lombardia</subfield>
          </datafield>
          <datafield tag="852" ind1="2" ind2=" ">
            <subfield code="b">45.463681, 9.1881714</subfield>
          </datafield>
          <idzebra xmlns="http://www.indexdata.dk/zebra/">
            <size>479</size>
            <score>598</score>
            <localnumber>832587</localnumber>
            <filename>sigla/sigla.mrc</filename>
          </idzebra>
        </record>
      </zs:recordData>
      <zs:recordPosition>594</zs:recordPosition>
    </zs:record>