
    <zs:record>
      <zs:recordPacking>xml</zs:recordPacking>
      <zs:recordData>
        <record xmlns="http://www.loc.gov/MARC21/slim">
          <leader>00383nz a2200109 4500</leader>
          <controlfield tag="001">30005248</controlfield>
          <controlfield tag="003">RISM</controlfield>
          <controlfield tag="005">20121108</controlfield>
          <controlfield tag="008">121108n||az|||||||##########||||||||||||</controlfield>
          <datafield tag="043" ind1=" " ind2=" ">
            <subfield code="c">Italy</subfield>
          </datafield>
          <datafield tag="110" ind1="2" ind2=" ">
            <subfield code="a">Parrocchia Prepositurale di S. Vittore, Archivio</subfield>
            <subfield code="c">Missaglia</subfield>
            <subfield code="g">I-MISsv</subfield>
          </datafield>
          <datafield tag="622" ind1=" " ind2=" ">
            <subfield code="e">Parrocchia Prepositurale di S. Vittore,, Archivio, Via della Conciliazione 16, I-22067,
              Missaglia (CO). Regione Lombardia</subfield>
          </datafield>
          <idzebra xmlns="http://www.indexdata.dk/zebra/">
            <size>383</size>
            <score>598</score>
            <localnumber>832591</localnumber>
            <filename>sigla/sigla.mrc</filename>
          </idzebra>
        </record>
      </zs:recordData>
      <zs:recordPosition>598</zs:recordPosition>
    </zs:record>