
    <zs:record>
      <zs:recordPacking>xml</zs:recordPacking>
      <zs:recordData>
        <record xmlns="http://www.loc.gov/MARC21/slim">
          <leader>00529nz a2200109 4500</leader>
          <controlfield tag="001">30005307</controlfield>
          <controlfield tag="003">RISM</controlfield>
          <controlfield tag="005">20121108</controlfield>
          <controlfield tag="008">121108n||az|||||||##########||||||||||||</controlfield>
          <datafield tag="043" ind1=" " ind2=" ">
            <subfield code="c">Italy</subfield>
          </datafield>
          <datafield tag="110" ind1="2" ind2=" ">
            <subfield code="a">Università degli Studi di Palermo - Istituto di Scienze Antropologiche e Geografiche
              (sezione Archivio Etnofonico), Biblioteca</subfield>
            <subfield code="c">Palermo</subfield>
            <subfield code="g">I-PLsa</subfield>
          </datafield>
          <datafield tag="622" ind1=" " ind2=" ">
            <subfield code="e">Università degli Studi di Palermo -, Istituto di Scienze Antropologiche e, Geografiche
              (sezione Archivio, Etnofonico), Biblioteca, Piazza Ignazio Florio 24, I-90139, Palermo. Regione
              Sicilia</subfield>
          </datafield>
          <idzebra xmlns="http://www.indexdata.dk/zebra/">
            <size>529</size>
            <score>598</score>
            <localnumber>832611</localnumber>
            <filename>sigla/sigla.mrc</filename>
          </idzebra>
        </record>
      </zs:recordData>
      <zs:recordPosition>609</zs:recordPosition>
    </zs:record>