
    <zs:record>
      <zs:recordPacking>xml</zs:recordPacking>
      <zs:recordData>
        <record xmlns="http://www.loc.gov/MARC21/slim">
          <leader>00510nz a2200121 4500</leader>
          <controlfield tag="001">30005310</controlfield>
          <controlfield tag="003">RISM</controlfield>
          <controlfield tag="005">20121108</controlfield>
          <controlfield tag="008">121108n||az|||||||##########||||||||||||</controlfield>
          <datafield tag="043" ind1=" " ind2=" ">
            <subfield code="c">Italy</subfield>
          </datafield>
          <datafield tag="110" ind1="2" ind2=" ">
            <subfield code="a">Fondazione Giovanni Pierluigi da Palestrina, Biblioteca</subfield>
            <subfield code="c">Palestrina</subfield>
            <subfield code="g">I-PALfp</subfield>
          </datafield>
          <datafield tag="410" ind1="2" ind2=" ">
            <subfield code="a">Fondazione G. Pierluigi da Palestrina - Centro di Studi Palestrina, Biblioteca</subfield>
          </datafield>
          <datafield tag="622" ind1=" " ind2=" ">
            <subfield code="e">Fondazione Giovanni Pierluigi da, Palestrina, Biblioteca, Vicolo Pierluigi 5, Casa Natale
              di, Palestrina, I-00036 Palestrina (RM)., Regione Lazio</subfield>
          </datafield>
          <idzebra xmlns="http://www.indexdata.dk/zebra/">
            <size>510</size>
            <score>598</score>
            <localnumber>832613</localnumber>
            <filename>sigla/sigla.mrc</filename>
          </idzebra>
        </record>
      </zs:recordData>
      <zs:recordPosition>611</zs:recordPosition>
    </zs:record>