
    <zs:record>
      <zs:recordPacking>xml</zs:recordPacking>
      <zs:recordData>
        <record xmlns="http://www.loc.gov/MARC21/slim">
          <leader>00405nz a2200121 4500</leader>
          <controlfield tag="001">30004981</controlfield>
          <controlfield tag="003">RISM</controlfield>
          <controlfield tag="005">20121108</controlfield>
          <controlfield tag="008">121108n||az|||||||##########||||||||||||</controlfield>
          <datafield tag="043" ind1=" " ind2=" ">
            <subfield code="c">Italy</subfield>
          </datafield>
          <datafield tag="110" ind1="2" ind2=" ">
            <subfield code="a">Seminario Arcivescovile di Torino, Biblioteca &lt;Torino&gt;</subfield>
            <subfield code="c">Torino</subfield>
            <subfield code="g">I-Ts</subfield>
          </datafield>
          <datafield tag="410" ind1="2" ind2=" ">
            <subfield code="a">Biblioteca del Seminario</subfield>
          </datafield>
          <datafield tag="622" ind1=" " ind2=" ">
            <subfield code="e">Seminario Arcivescovile di Torino,, Biblioteca, Via XX Settembre 83, I-10122 Torino.,
              Regione Piemonte</subfield>
          </datafield>
          <idzebra xmlns="http://www.indexdata.dk/zebra/">
            <size>405</size>
            <score>598</score>
            <localnumber>832731</localnumber>
            <filename>sigla/sigla.mrc</filename>
          </idzebra>
        </record>
      </zs:recordData>
      <zs:recordPosition>641</zs:recordPosition>
    </zs:record>