
    <zs:record>
      <zs:recordPacking>xml</zs:recordPacking>
      <zs:recordData>
        <record xmlns="http://www.loc.gov/MARC21/slim">
          <leader>00559nz a2200145 4500</leader>
          <controlfield tag="001">30000075</controlfield>
          <controlfield tag="003">RISM</controlfield>
          <controlfield tag="005">20121108</controlfield>
          <controlfield tag="008">121108n||az|||||||##########||||||||||||</controlfield>
          <datafield tag="043" ind1=" " ind2=" ">
            <subfield code="c">Italy</subfield>
          </datafield>
          <datafield tag="110" ind1="2" ind2=" ">
            <subfield code="a">Archivio di Stato, Biblioteca</subfield>
            <subfield code="c">Bologna</subfield>
            <subfield code="g">I-Bas</subfield>
          </datafield>
          <datafield tag="410" ind1="2" ind2=" ">
            <subfield code="a">Archivio di Stato, Fondo Malvezzi-Campegni</subfield>
          </datafield>
          <datafield tag="622" ind1=" " ind2=" ">
            <subfield code="e">Archivio di Stato, Biblioteca, Piazza Celestini 4, 40123 Bologna, Italy</subfield>
            <subfield code="u"
              >http://www.archiviodistatobologna.it/h3/h3.exe/asitoAsbo/d3/fsezione?sezione.x=serviziSala;noImg.x=;sottosezione.x=salaBiblioteca</subfield>
          </datafield>
          <datafield tag="670" ind1="2" ind2=" ">
            <subfield code="a">181</subfield>
          </datafield>
          <datafield tag="852" ind1="2" ind2=" ">
            <subfield code="b">44.4922367, 11.3415892</subfield>
          </datafield>
          <idzebra xmlns="http://www.indexdata.dk/zebra/">
            <size>559</size>
            <score>598</score>
            <localnumber>832762</localnumber>
            <filename>sigla/sigla.mrc</filename>
          </idzebra>
        </record>
      </zs:recordData>
      <zs:recordPosition>645</zs:recordPosition>
    </zs:record>