
    <zs:record>
      <zs:recordPacking>xml</zs:recordPacking>
      <zs:recordData>
        <record xmlns="http://www.loc.gov/MARC21/slim">
          <leader>00364nz a2200109 4500</leader>
          <controlfield tag="001">30004994</controlfield>
          <controlfield tag="003">RISM</controlfield>
          <controlfield tag="005">20121108</controlfield>
          <controlfield tag="008">121108n||az|||||||##########||||||||||||</controlfield>
          <datafield tag="043" ind1=" " ind2=" ">
            <subfield code="c">Italy</subfield>
          </datafield>
          <datafield tag="110" ind1="2" ind2=" ">
            <subfield code="a">Istituto Diocesano di Musica Sacra, Biblioteca</subfield>
            <subfield code="c">Tortona</subfield>
            <subfield code="g">I-TORims</subfield>
          </datafield>
          <datafield tag="622" ind1=" " ind2=" ">
            <subfield code="e">Istituto Diocesano di Musica Sacra,, Biblioteca, Piazza Duomo 12, I-15057 Tortona (AL).,
              Regione Piemonte</subfield>
          </datafield>
          <idzebra xmlns="http://www.indexdata.dk/zebra/">
            <size>364</size>
            <score>598</score>
            <localnumber>832778</localnumber>
            <filename>sigla/sigla.mrc</filename>
          </idzebra>
        </record>
      </zs:recordData>
      <zs:recordPosition>653</zs:recordPosition>
    </zs:record>