
    <zs:record>
      <zs:recordPacking>xml</zs:recordPacking>
      <zs:recordData>
        <record xmlns="http://www.loc.gov/MARC21/slim">
          <leader>00377nz a2200121 4500</leader>
          <controlfield tag="001">30005916</controlfield>
          <controlfield tag="003">RISM</controlfield>
          <controlfield tag="005">20121108</controlfield>
          <controlfield tag="008">121108n||az|||||||##########||||||||||||</controlfield>
          <datafield tag="043" ind1=" " ind2=" ">
            <subfield code="c">Italy</subfield>
          </datafield>
          <datafield tag="110" ind1="2" ind2=" ">
            <subfield code="a">Biblioteca del Seminario Vescovile</subfield>
            <subfield code="c">Treviso</subfield>
            <subfield code="g">I-TVs</subfield>
          </datafield>
          <datafield tag="622" ind1=" " ind2=" ">
            <subfield code="e">Biblioteca del Seminario Vescovile, Piazzetta Benedetto XI, 2, I-31030, Treviso. Regione
              Veneto</subfield>
          </datafield>
          <datafield tag="852" ind1="2" ind2=" ">
            <subfield code="b">45.6662855, 12.242072</subfield>
          </datafield>
          <idzebra xmlns="http://www.indexdata.dk/zebra/">
            <size>377</size>
            <score>598</score>
            <localnumber>832961</localnumber>
            <filename>sigla/sigla.mrc</filename>
          </idzebra>
        </record>
      </zs:recordData>
      <zs:recordPosition>667</zs:recordPosition>
    </zs:record>