
    <zs:record>
      <zs:recordPacking>xml</zs:recordPacking>
      <zs:recordData>
        <record xmlns="http://www.loc.gov/MARC21/slim">
          <leader>00391nz a2200109 4500</leader>
          <controlfield tag="001">30004652</controlfield>
          <controlfield tag="003">RISM</controlfield>
          <controlfield tag="005">20121108</controlfield>
          <controlfield tag="008">121108n||az|||||||##########||||||||||||</controlfield>
          <datafield tag="043" ind1=" " ind2=" ">
            <subfield code="c">Italy</subfield>
          </datafield>
          <datafield tag="110" ind1="2" ind2=" ">
            <subfield code="a">Abbazia Curata (Chiesa Parrocchiale di S. Adoneo), Archivio</subfield>
            <subfield code="c">Bisceglie</subfield>
            <subfield code="g">I-BISsa</subfield>
          </datafield>
          <datafield tag="622" ind1=" " ind2=" ">
            <subfield code="e">Abbazia Curata (Chiesa Parrocchiale di, S. Adoneo), Archivio, Largo S. Adoneo, I-70052
              Bisceglie, (BA). Regione Puglia</subfield>
          </datafield>
          <idzebra xmlns="http://www.indexdata.dk/zebra/">
            <size>391</size>
            <score>598</score>
            <localnumber>832993</localnumber>
            <filename>sigla/sigla.mrc</filename>
          </idzebra>
        </record>
      </zs:recordData>
      <zs:recordPosition>689</zs:recordPosition>
    </zs:record>