
    <zs:record>
      <zs:recordPacking>xml</zs:recordPacking>
      <zs:recordData>
        <record xmlns="http://www.loc.gov/MARC21/slim">
          <leader>00454nz a2200121 4500</leader>
          <controlfield tag="001">30005360</controlfield>
          <controlfield tag="003">RISM</controlfield>
          <controlfield tag="005">20121108</controlfield>
          <controlfield tag="008">121108n||az|||||||##########||||||||||||</controlfield>
          <datafield tag="043" ind1=" " ind2=" ">
            <subfield code="c">Italy</subfield>
          </datafield>
          <datafield tag="110" ind1="2" ind2=" ">
            <subfield code="a">Conservatorio di Musica G. Verdi, Biblioteca</subfield>
            <subfield code="c">Riva del Garda</subfield>
            <subfield code="g">I-RDGcon</subfield>
          </datafield>
          <datafield tag="410" ind1="2" ind2=" ">
            <subfield code="a">Conservatorio Statale di Musica G. Verdi, Biblioteca</subfield>
          </datafield>
          <datafield tag="622" ind1=" " ind2=" ">
            <subfield code="e">Conservatorio di Musica G. Verdi,, Biblioteca, Largo Marconi 5, I-38066 Riva del Garda,
              (TN). Regione Trentino Alto Adige</subfield>
          </datafield>
          <idzebra xmlns="http://www.indexdata.dk/zebra/">
            <size>454</size>
            <score>598</score>
            <localnumber>833013</localnumber>
            <filename>sigla/sigla.mrc</filename>
          </idzebra>
        </record>
      </zs:recordData>
      <zs:recordPosition>701</zs:recordPosition>
    </zs:record>