
    <zs:record>
      <zs:recordPacking>xml</zs:recordPacking>
      <zs:recordData>
        <record xmlns="http://www.loc.gov/MARC21/slim">
          <leader>00293nz a2200121 4500</leader>
          <controlfield tag="001">30005121</controlfield>
          <controlfield tag="003">RISM</controlfield>
          <controlfield tag="005">20121108</controlfield>
          <controlfield tag="008">121108n||az|||||||##########||||||||||||</controlfield>
          <datafield tag="043" ind1=" " ind2=" ">
            <subfield code="c">Italy</subfield>
          </datafield>
          <datafield tag="110" ind1="2" ind2=" ">
            <subfield code="a">Archivio Vescovile</subfield>
            <subfield code="c">Città di Castello</subfield>
            <subfield code="g">I-CCav</subfield>
          </datafield>
          <datafield tag="580" ind1=" " ind2=" ">
            <subfield code="x">I-CCsg</subfield>
            <subfield code="0">30005782</subfield>
          </datafield>
          <datafield tag="680" ind1="2" ind2=" ">
            <subfield code="i">Depositum in I-CCsg.</subfield>
          </datafield>
          <idzebra xmlns="http://www.indexdata.dk/zebra/">
            <size>293</size>
            <score>598</score>
            <localnumber>833063</localnumber>
            <filename>sigla/sigla.mrc</filename>
          </idzebra>
        </record>
      </zs:recordData>
      <zs:recordPosition>706</zs:recordPosition>
    </zs:record>