
    <zs:record>
      <zs:recordPacking>xml</zs:recordPacking>
      <zs:recordData>
        <record xmlns="http://www.loc.gov/MARC21/slim">
          <leader>00624nz a2200133 4500</leader>
          <controlfield tag="001">30005130</controlfield>
          <controlfield tag="003">RISM</controlfield>
          <controlfield tag="005">20121108</controlfield>
          <controlfield tag="008">121108n||az|||||||##########||||||||||||</controlfield>
          <datafield tag="043" ind1=" " ind2=" ">
            <subfield code="c">Italy</subfield>
          </datafield>
          <datafield tag="110" ind1="2" ind2=" ">
            <subfield code="a">Istituto Professionale Internazionale per l'Artigianato Liutario e del Legno, Sezione
              Liuteria di Palazzo Raimondi, Biblioteca</subfield>
            <subfield code="c">Cremona</subfield>
            <subfield code="g">I-CRpl</subfield>
          </datafield>
          <datafield tag="410" ind1="2" ind2=" ">
            <subfield code="a">Scuola Internazionale di Liuteria, Biblioteca</subfield>
          </datafield>
          <datafield tag="622" ind1=" " ind2=" ">
            <subfield code="e">Istituto Professionale Internazionale, per l'Artigianato Liutario e del Legno,, Sezione
              Liuteria di Palazzo Raimondi,, Biblioteca, Corso Garibaldi 178, I-26100 Cremona., Regione
              Lombardia</subfield>
          </datafield>
          <datafield tag="852" ind1="2" ind2=" ">
            <subfield code="b">45.1334974, 10.026135</subfield>
          </datafield>
          <idzebra xmlns="http://www.indexdata.dk/zebra/">
            <size>624</size>
            <score>598</score>
            <localnumber>833065</localnumber>
            <filename>sigla/sigla.mrc</filename>
          </idzebra>
        </record>
      </zs:recordData>
      <zs:recordPosition>708</zs:recordPosition>
    </zs:record>