
    <zs:record>
      <zs:recordPacking>xml</zs:recordPacking>
      <zs:recordData>
        <record xmlns="http://www.loc.gov/MARC21/slim">
          <leader>00332nz a2200109 4500</leader>
          <controlfield tag="001">30005249</controlfield>
          <controlfield tag="003">RISM</controlfield>
          <controlfield tag="005">20121108</controlfield>
          <controlfield tag="008">121108n||az|||||||##########||||||||||||</controlfield>
          <datafield tag="043" ind1=" " ind2=" ">
            <subfield code="c">Italy</subfield>
          </datafield>
          <datafield tag="110" ind1="2" ind2=" ">
            <subfield code="a">Cattedrale, Archivio Capitolare</subfield>
            <subfield code="c">Mondovì</subfield>
            <subfield code="g">I-MNDd</subfield>
          </datafield>
          <datafield tag="622" ind1=" " ind2=" ">
            <subfield code="e">Cattedrale, Archivio Capitolare, Piazza Duomo 7, I-12084 Mondovì (CN)., Regione
              Piemonte</subfield>
          </datafield>
          <idzebra xmlns="http://www.indexdata.dk/zebra/">
            <size>332</size>
            <score>598</score>
            <localnumber>833078</localnumber>
            <filename>sigla/sigla.mrc</filename>
          </idzebra>
        </record>
      </zs:recordData>
      <zs:recordPosition>721</zs:recordPosition>
    </zs:record>