
    <zs:record>
      <zs:recordPacking>xml</zs:recordPacking>
      <zs:recordData>
        <record xmlns="http://www.loc.gov/MARC21/slim">
          <leader>00564nz a2200133 4500</leader>
          <controlfield tag="001">30006488</controlfield>
          <controlfield tag="003">RISM</controlfield>
          <controlfield tag="005">20121108</controlfield>
          <controlfield tag="008">121108n||az|||||||##########||||||||||||</controlfield>
          <datafield tag="043" ind1=" " ind2=" ">
            <subfield code="c">Italy</subfield>
          </datafield>
          <datafield tag="110" ind1="2" ind2=" ">
            <subfield code="a">Museo etnografico, Biblioteca (Südtiroler Landesmuseum für Volkskunde,
              Bibliothek)</subfield>
            <subfield code="c">Teodone</subfield>
            <subfield code="g">I-TEODm</subfield>
          </datafield>
          <datafield tag="622" ind1=" " ind2=" ">
            <subfield code="e">Museo etnografico, Biblioteca, (Südtiroler Landesmuseum für, Volkskunde, Bibliothek), Via
              Duca Diet 24, I - 39031 Brunico (Herzog Diet, -Straße 24, I 39031 Bruneck)</subfield>
            <subfield code="u">http://www.provinz.bz.it/volkskundemuseen</subfield>
          </datafield>
          <datafield tag="680" ind1="2" ind2=" ">
            <subfield code="i">Arbeitsst.: Innsbruck</subfield>
          </datafield>
          <datafield tag="670" ind1="2" ind2=" ">
            <subfield code="a">8</subfield>
          </datafield>
          <idzebra xmlns="http://www.indexdata.dk/zebra/">
            <size>564</size>
            <score>598</score>
            <localnumber>833097</localnumber>
            <filename>sigla/sigla.mrc</filename>
          </idzebra>
        </record>
      </zs:recordData>
      <zs:recordPosition>731</zs:recordPosition>
    </zs:record>