
    <zs:record>
      <zs:recordPacking>xml</zs:recordPacking>
      <zs:recordData>
        <record xmlns="http://www.loc.gov/MARC21/slim">
          <leader>00403nz a2200121 4500</leader>
          <controlfield tag="001">30006493</controlfield>
          <controlfield tag="003">RISM</controlfield>
          <controlfield tag="005">20121108</controlfield>
          <controlfield tag="008">121108n||az|||||||##########||||||||||||</controlfield>
          <datafield tag="043" ind1=" " ind2=" ">
            <subfield code="c">Italy</subfield>
          </datafield>
          <datafield tag="110" ind1="2" ind2=" ">
            <subfield code="a">Archivio provinciale</subfield>
            <subfield code="c">Bolzano</subfield>
            <subfield code="g">I-BZap</subfield>
          </datafield>
          <datafield tag="410" ind1="2" ind2=" ">
            <subfield code="a">Südtiroler Landesarchiv Bozen</subfield>
          </datafield>
          <datafield tag="622" ind1=" " ind2=" ">
            <subfield code="e">Archivio provinciale, Via Armando Diaz 8/B, 39100 Bolzano, Italy</subfield>
            <subfield code="u">http://www.provincia.bz.it/archivio-provinciale/default.asp</subfield>
          </datafield>
          <idzebra xmlns="http://www.indexdata.dk/zebra/">
            <size>403</size>
            <score>598</score>
            <localnumber>833101</localnumber>
            <filename>sigla/sigla.mrc</filename>
          </idzebra>
        </record>
      </zs:recordData>
      <zs:recordPosition>733</zs:recordPosition>
    </zs:record>