
    <zs:record>
      <zs:recordPacking>xml</zs:recordPacking>
      <zs:recordData>
        <record xmlns="http://www.loc.gov/MARC21/slim">
          <leader>00475nz a2200121 4500</leader>
          <controlfield tag="001">30005062</controlfield>
          <controlfield tag="003">RISM</controlfield>
          <controlfield tag="005">20121108</controlfield>
          <controlfield tag="008">121108n||az|||||||##########||||||||||||</controlfield>
          <datafield tag="043" ind1=" " ind2=" ">
            <subfield code="c">Italy</subfield>
          </datafield>
          <datafield tag="110" ind1="2" ind2=" ">
            <subfield code="a">Università degli Studi di Bologna, Dipartimento di Musica e Spettacolo,
              Biblioteca</subfield>
            <subfield code="c">Bologna</subfield>
            <subfield code="g">I-Bda</subfield>
          </datafield>
          <datafield tag="622" ind1=" " ind2=" ">
            <subfield code="e">Università degli Studi di Bologna,, Dipartimento di Musica e Spettacolo,, Biblioteca, Via
              Galliera 3, I-40125 Bologna., Regione Emilia Romagna</subfield>
          </datafield>
          <datafield tag="852" ind1="2" ind2=" ">
            <subfield code="b">44.4941903, 11.3465185</subfield>
          </datafield>
          <idzebra xmlns="http://www.indexdata.dk/zebra/">
            <size>475</size>
            <score>598</score>
            <localnumber>833109</localnumber>
            <filename>sigla/sigla.mrc</filename>
          </idzebra>
        </record>
      </zs:recordData>
      <zs:recordPosition>738</zs:recordPosition>
    </zs:record>