
    <zs:record>
      <zs:recordPacking>xml</zs:recordPacking>
      <zs:recordData>
        <record xmlns="http://www.loc.gov/MARC21/slim">
          <leader>00437nz a2200121 4500</leader>
          <controlfield tag="001">30005377</controlfield>
          <controlfield tag="003">RISM</controlfield>
          <controlfield tag="005">20121108</controlfield>
          <controlfield tag="008">121108n||az|||||||##########||||||||||||</controlfield>
          <datafield tag="043" ind1=" " ind2=" ">
            <subfield code="c">Italy</subfield>
          </datafield>
          <datafield tag="110" ind1="2" ind2=" ">
            <subfield code="a">Fondazione Gramsci (Fondo Luchino Visconti), Biblioteca</subfield>
            <subfield code="c">Roma</subfield>
            <subfield code="g">I-Rfg</subfield>
          </datafield>
          <datafield tag="622" ind1=" " ind2=" ">
            <subfield code="e">Fondazione Gramsci (Fondo Luchino, Visconti), Biblioteca, Via delle Zoccolette (Via del,
              Conservatorio 55), I-00186 Roma., Regione Lazio</subfield>
          </datafield>
          <datafield tag="852" ind1="2" ind2=" ">
            <subfield code="b">41.8905198, 12.4942486</subfield>
          </datafield>
          <idzebra xmlns="http://www.indexdata.dk/zebra/">
            <size>437</size>
            <score>598</score>
            <localnumber>833366</localnumber>
            <filename>sigla/sigla.mrc</filename>
          </idzebra>
        </record>
      </zs:recordData>
      <zs:recordPosition>766</zs:recordPosition>
    </zs:record>