
    <zs:record>
      <zs:recordPacking>xml</zs:recordPacking>
      <zs:recordData>
        <record xmlns="http://www.loc.gov/MARC21/slim">
          <leader>00379nz a2200109 4500</leader>
          <controlfield tag="001">30005391</controlfield>
          <controlfield tag="003">RISM</controlfield>
          <controlfield tag="005">20121108</controlfield>
          <controlfield tag="008">121108n||az|||||||##########||||||||||||</controlfield>
          <datafield tag="043" ind1=" " ind2=" ">
            <subfield code="c">Italy</subfield>
          </datafield>
          <datafield tag="110" ind1="2" ind2=" ">
            <subfield code="a">Scuola Popolare di Musica di Testaccio, Biblioteca</subfield>
            <subfield code="c">Roma</subfield>
            <subfield code="g">I-Rst</subfield>
          </datafield>
          <datafield tag="622" ind1=" " ind2=" ">
            <subfield code="e">Scuola Popolare di Musica di Testaccio,, Biblioteca, Via Galvani 20 (Via Monte Testaccio,
              91), I-00153 Roma. Regione Lazio</subfield>
          </datafield>
          <idzebra xmlns="http://www.indexdata.dk/zebra/">
            <size>379</size>
            <score>598</score>
            <localnumber>833375</localnumber>
            <filename>sigla/sigla.mrc</filename>
          </idzebra>
        </record>
      </zs:recordData>
      <zs:recordPosition>775</zs:recordPosition>
    </zs:record>