
    <zs:record>
      <zs:recordPacking>xml</zs:recordPacking>
      <zs:recordData>
        <record xmlns="http://www.loc.gov/MARC21/slim">
          <leader>00503nz a2200121 4500</leader>
          <controlfield tag="001">30005394</controlfield>
          <controlfield tag="003">RISM</controlfield>
          <controlfield tag="005">20121108</controlfield>
          <controlfield tag="008">121108n||az|||||||##########||||||||||||</controlfield>
          <datafield tag="043" ind1=" " ind2=" ">
            <subfield code="c">Italy</subfield>
          </datafield>
          <datafield tag="110" ind1="2" ind2=" ">
            <subfield code="a">Università degli Studi di Roma La Sapienza, Facoltà di Lettere, Istituto di Paleografia,
              Biblioteca</subfield>
            <subfield code="c">Roma</subfield>
            <subfield code="g">I-Rpal</subfield>
          </datafield>
          <datafield tag="622" ind1=" " ind2=" ">
            <subfield code="e">Università degli Studi di Roma La, Sapienza, Facoltà di Lettere, Istituto, di
              Paleografia, Biblioteca, Piazzale Aldo Moro 2, I-00185 Roma., Regione Lazio</subfield>
          </datafield>
          <datafield tag="852" ind1="2" ind2=" ">
            <subfield code="b">41.8905198, 12.4942486</subfield>
          </datafield>
          <idzebra xmlns="http://www.indexdata.dk/zebra/">
            <size>503</size>
            <score>598</score>
            <localnumber>833376</localnumber>
            <filename>sigla/sigla.mrc</filename>
          </idzebra>
        </record>
      </zs:recordData>
      <zs:recordPosition>776</zs:recordPosition>
    </zs:record>