
    <zs:record>
      <zs:recordPacking>xml</zs:recordPacking>
      <zs:recordData>
        <record xmlns="http://www.loc.gov/MARC21/slim">
          <leader>00380nz a2200109 4500</leader>
          <controlfield tag="001">30004943</controlfield>
          <controlfield tag="003">RISM</controlfield>
          <controlfield tag="005">20121108</controlfield>
          <controlfield tag="008">121108n||az|||||||##########||||||||||||</controlfield>
          <datafield tag="043" ind1=" " ind2=" ">
            <subfield code="c">Italy</subfield>
          </datafield>
          <datafield tag="110" ind1="2" ind2=" ">
            <subfield code="a">Cappella Musicale della Cattedrale, Biblioteca</subfield>
            <subfield code="c">Roveretto</subfield>
            <subfield code="g">I-RVEd</subfield>
          </datafield>
          <datafield tag="622" ind1=" " ind2=" ">
            <subfield code="e">Cappella Musicale della Cattedrale,, Biblioteca, Piazza S. Giorgio 1, I-38068 Rovereto,
              (TN). Regione Trentino Alto Adige</subfield>
          </datafield>
          <idzebra xmlns="http://www.indexdata.dk/zebra/">
            <size>380</size>
            <score>598</score>
            <localnumber>833409</localnumber>
            <filename>sigla/sigla.mrc</filename>
          </idzebra>
        </record>
      </zs:recordData>
      <zs:recordPosition>793</zs:recordPosition>
    </zs:record>