
    <zs:record>
      <zs:recordPacking>xml</zs:recordPacking>
      <zs:recordData>
        <record xmlns="http://www.loc.gov/MARC21/slim">
          <leader>00528nz a2200121 4500</leader>
          <controlfield tag="001">30005214</controlfield>
          <controlfield tag="003">RISM</controlfield>
          <controlfield tag="005">20121108</controlfield>
          <controlfield tag="008">121108n||az|||||||##########||||||||||||</controlfield>
          <datafield tag="043" ind1=" " ind2=" ">
            <subfield code="c">Italy</subfield>
          </datafield>
          <datafield tag="110" ind1="2" ind2=" ">
            <subfield code="a">Centro per la Raccolta lo Studio e la Valorizzazione delle Tradizioni Popolari della
              Provincia di Lucca, Biblioteca</subfield>
            <subfield code="c">Lucca</subfield>
            <subfield code="g">I-Ltp</subfield>
          </datafield>
          <datafield tag="622" ind1=" " ind2=" ">
            <subfield code="e">Centro per la Raccolta lo Studio e la, Valorizzazione delle Tradizioni, Popolari della
              Provincia di Lucca,, Biblioteca, Viale Giusti 593, I-55100 Lucca., Regione Lucca</subfield>
          </datafield>
          <datafield tag="852" ind1="2" ind2=" ">
            <subfield code="b">43.8430139, 10.507994</subfield>
          </datafield>
          <idzebra xmlns="http://www.indexdata.dk/zebra/">
            <size>528</size>
            <score>598</score>
            <localnumber>833543</localnumber>
            <filename>sigla/sigla.mrc</filename>
          </idzebra>
        </record>
      </zs:recordData>
      <zs:recordPosition>843</zs:recordPosition>
    </zs:record>