
    <zs:record>
      <zs:recordPacking>xml</zs:recordPacking>
      <zs:recordData>
        <record xmlns="http://www.loc.gov/MARC21/slim">
          <leader>00390nz a2200109 4500</leader>
          <controlfield tag="001">30004886</controlfield>
          <controlfield tag="003">RISM</controlfield>
          <controlfield tag="005">20121108</controlfield>
          <controlfield tag="008">121108n||az|||||||##########||||||||||||</controlfield>
          <datafield tag="043" ind1=" " ind2=" ">
            <subfield code="c">Italy</subfield>
          </datafield>
          <datafield tag="110" ind1="2" ind2=" ">
            <subfield code="a">Accademia Nazionale di Scienze, Lettere ed Arti, Biblioteca</subfield>
            <subfield code="c">Palermo</subfield>
            <subfield code="g">I-PLsla</subfield>
          </datafield>
          <datafield tag="622" ind1=" " ind2=" ">
            <subfield code="e">Accademia Nazionale di Scienze, Lettere, ed Arti, Biblioteca, Piazza Indipendenza 17,
              I-90129, Palermo. Regione Sicilia</subfield>
          </datafield>
          <idzebra xmlns="http://www.indexdata.dk/zebra/">
            <size>390</size>
            <score>598</score>
            <localnumber>833552</localnumber>
            <filename>sigla/sigla.mrc</filename>
          </idzebra>
        </record>
      </zs:recordData>
      <zs:recordPosition>848</zs:recordPosition>
    </zs:record>