
    <zs:record>
      <zs:recordPacking>xml</zs:recordPacking>
      <zs:recordData>
        <record xmlns="http://www.loc.gov/MARC21/slim">
          <leader>00466nz a2200133 4500</leader>
          <controlfield tag="001">30004890</controlfield>
          <controlfield tag="003">RISM</controlfield>
          <controlfield tag="005">20121108</controlfield>
          <controlfield tag="008">121108n||az|||||||##########||||||||||||</controlfield>
          <datafield tag="043" ind1=" " ind2=" ">
            <subfield code="c">Italy</subfield>
          </datafield>
          <datafield tag="110" ind1="2" ind2=" ">
            <subfield code="a">Biblioteca San Giacomo (Archivio dell'Abbazia)</subfield>
            <subfield code="c">Pontida</subfield>
            <subfield code="g">I-PNTa</subfield>
          </datafield>
          <datafield tag="410" ind1="2" ind2=" ">
            <subfield code="a">Abbazia, Archivio</subfield>
          </datafield>
          <datafield tag="410" ind1="2" ind2=" ">
            <subfield code="a">Biblioteca del Monastero Benedittino di S. Giacomo</subfield>
          </datafield>
          <datafield tag="622" ind1=" " ind2=" ">
            <subfield code="e">Biblioteca San Giacomo (Archivio, dell'Abbazia), Piazza Giuramento, I-24030 Pontida,
              (BG). Regione Lombardia</subfield>
          </datafield>
          <idzebra xmlns="http://www.indexdata.dk/zebra/">
            <size>466</size>
            <score>598</score>
            <localnumber>833555</localnumber>
            <filename>sigla/sigla.mrc</filename>
          </idzebra>
        </record>
      </zs:recordData>
      <zs:recordPosition>851</zs:recordPosition>
    </zs:record>