
    <zs:record>
      <zs:recordPacking>xml</zs:recordPacking>
      <zs:recordData>
        <record xmlns="http://www.loc.gov/MARC21/slim">
          <leader>00449nz a2200121 4500</leader>
          <controlfield tag="001">30004896</controlfield>
          <controlfield tag="003">RISM</controlfield>
          <controlfield tag="005">20121108</controlfield>
          <controlfield tag="008">121108n||az|||||||##########||||||||||||</controlfield>
          <datafield tag="043" ind1=" " ind2=" ">
            <subfield code="c">Italy</subfield>
          </datafield>
          <datafield tag="110" ind1="2" ind2=" ">
            <subfield code="a">Scuola Comunale di Musica Giuseppe Verdi, Biblioteca</subfield>
            <subfield code="c">Prato</subfield>
            <subfield code="g">I-PRi</subfield>
          </datafield>
          <datafield tag="622" ind1=" " ind2=" ">
            <subfield code="e">Scuola Comunale di Musica Giuseppe, Verdi, Biblioteca, Via di Gherardo 6 (Via B. Magini
              7, Via, S. TRinità 2 ?), I-50047 Prato (FI)., Regione Toscana</subfield>
          </datafield>
          <datafield tag="852" ind1="2" ind2=" ">
            <subfield code="b">43.8796784, 11.0962839</subfield>
          </datafield>
          <idzebra xmlns="http://www.indexdata.dk/zebra/">
            <size>449</size>
            <score>598</score>
            <localnumber>833559</localnumber>
            <filename>sigla/sigla.mrc</filename>
          </idzebra>
        </record>
      </zs:recordData>
      <zs:recordPosition>855</zs:recordPosition>
    </zs:record>