
    <zs:record>
      <zs:recordPacking>xml</zs:recordPacking>
      <zs:recordData>
        <record xmlns="http://www.loc.gov/MARC21/slim">
          <leader>00444nz a2200121 4500</leader>
          <controlfield tag="001">30005082</controlfield>
          <controlfield tag="003">RISM</controlfield>
          <controlfield tag="005">20121108</controlfield>
          <controlfield tag="008">121108n||az|||||||##########||||||||||||</controlfield>
          <datafield tag="043" ind1=" " ind2=" ">
            <subfield code="c">Italy</subfield>
          </datafield>
          <datafield tag="110" ind1="2" ind2=" ">
            <subfield code="a">Teatro Lirico Giovanni Pierluigi da Palestrina, Archivio Musicale</subfield>
            <subfield code="c">Cagliari</subfield>
            <subfield code="g">I-CAt</subfield>
          </datafield>
          <datafield tag="622" ind1=" " ind2=" ">
            <subfield code="e">Teatro Lirico Giovanni Pierluigi da, Palestrina, Archivio Musicale, Viale Regina
              Margherita 6, I-09100, Cagliari. Regione Sardegna</subfield>
          </datafield>
          <datafield tag="852" ind1="2" ind2=" ">
            <subfield code="b">39.2154086, 9.1093239</subfield>
          </datafield>
          <idzebra xmlns="http://www.indexdata.dk/zebra/">
            <size>444</size>
            <score>598</score>
            <localnumber>833667</localnumber>
            <filename>sigla/sigla.mrc</filename>
          </idzebra>
        </record>
      </zs:recordData>
      <zs:recordPosition>904</zs:recordPosition>
    </zs:record>