
    <zs:record>
      <zs:recordPacking>xml</zs:recordPacking>
      <zs:recordData>
        <record xmlns="http://www.loc.gov/MARC21/slim">
          <leader>00398nz a2200109 4500</leader>
          <controlfield tag="001">30005086</controlfield>
          <controlfield tag="003">RISM</controlfield>
          <controlfield tag="005">20121108</controlfield>
          <controlfield tag="008">121108n||az|||||||##########||||||||||||</controlfield>
          <datafield tag="043" ind1=" " ind2=" ">
            <subfield code="c">Italy</subfield>
          </datafield>
          <datafield tag="110" ind1="2" ind2=" ">
            <subfield code="a">Archicenobio di S. Romualdo (Monastero dei PP. Camaldolesi), Biblioteca</subfield>
            <subfield code="c">Camaldoli</subfield>
            <subfield code="g">I-CMLsr</subfield>
          </datafield>
          <datafield tag="622" ind1=" " ind2=" ">
            <subfield code="e">Archicenobio di S. Romualdo (Monastero, dei PP. Camaldolesi), Biblioteca, I-52010
              Camaldoli (AR). Regione Toscana</subfield>
          </datafield>
          <idzebra xmlns="http://www.indexdata.dk/zebra/">
            <size>398</size>
            <score>598</score>
            <localnumber>833669</localnumber>
            <filename>sigla/sigla.mrc</filename>
          </idzebra>
        </record>
      </zs:recordData>
      <zs:recordPosition>906</zs:recordPosition>
    </zs:record>