
    <zs:record>
      <zs:recordPacking>xml</zs:recordPacking>
      <zs:recordData>
        <record xmlns="http://www.loc.gov/MARC21/slim">
          <leader>00353nz a2200109 4500</leader>
          <controlfield tag="001">30005099</controlfield>
          <controlfield tag="003">RISM</controlfield>
          <controlfield tag="005">20121108</controlfield>
          <controlfield tag="008">121108n||az|||||||##########||||||||||||</controlfield>
          <datafield tag="043" ind1=" " ind2=" ">
            <subfield code="c">Italy</subfield>
          </datafield>
          <datafield tag="110" ind1="2" ind2=" ">
            <subfield code="a">Cattedrale, Archivio Capitolare</subfield>
            <subfield code="c">Carpi</subfield>
            <subfield code="g">I-CPac</subfield>
          </datafield>
          <datafield tag="622" ind1=" " ind2=" ">
            <subfield code="e">Cattedrale, Archivio Capitolare, Piazza Duomo (via Manfredo Fanti), I, -41012 Carpi (MO).
              Regione Emilia, Romagna</subfield>
          </datafield>
          <idzebra xmlns="http://www.indexdata.dk/zebra/">
            <size>353</size>
            <score>598</score>
            <localnumber>833688</localnumber>
            <filename>sigla/sigla.mrc</filename>
          </idzebra>
        </record>
      </zs:recordData>
      <zs:recordPosition>914</zs:recordPosition>
    </zs:record>