
    <zs:record>
      <zs:recordPacking>xml</zs:recordPacking>
      <zs:recordData>
        <record xmlns="http://www.loc.gov/MARC21/slim">
          <leader>00385nz a2200121 4500</leader>
          <controlfield tag="001">30004857</controlfield>
          <controlfield tag="003">RISM</controlfield>
          <controlfield tag="005">20121108</controlfield>
          <controlfield tag="008">121108n||az|||||||##########||||||||||||</controlfield>
          <datafield tag="043" ind1=" " ind2=" ">
            <subfield code="c">Italy</subfield>
          </datafield>
          <datafield tag="110" ind1="2" ind2=" ">
            <subfield code="a">Museo Civico Gaetano Filangieri, Biblioteca</subfield>
            <subfield code="c">Napoli</subfield>
            <subfield code="g">I-Nmc</subfield>
          </datafield>
          <datafield tag="622" ind1=" " ind2=" ">
            <subfield code="e">Museo Civico Gaetano Filangieri,, Biblioteca, Via Duomo 288, I-80132 Napoli. Regione,
              Campania</subfield>
          </datafield>
          <datafield tag="852" ind1="2" ind2=" ">
            <subfield code="b">40.8400969, 14.2516357</subfield>
          </datafield>
          <idzebra xmlns="http://www.indexdata.dk/zebra/">
            <size>385</size>
            <score>598</score>
            <localnumber>833714</localnumber>
            <filename>sigla/sigla.mrc</filename>
          </idzebra>
        </record>
      </zs:recordData>
      <zs:recordPosition>929</zs:recordPosition>
    </zs:record>