
    <zs:record>
      <zs:recordPacking>xml</zs:recordPacking>
      <zs:recordData>
        <record xmlns="http://www.loc.gov/MARC21/slim">
          <leader>00535nz a2200121 4500</leader>
          <controlfield tag="001">30004870</controlfield>
          <controlfield tag="003">RISM</controlfield>
          <controlfield tag="005">20121108</controlfield>
          <controlfield tag="008">121108n||az|||||||##########||||||||||||</controlfield>
          <datafield tag="043" ind1=" " ind2=" ">
            <subfield code="c">Italy</subfield>
          </datafield>
          <datafield tag="110" ind1="2" ind2=" ">
            <subfield code="a">Università degli Studi di Parma, Facoltà di Magistero, Istituto di Musicologia,
              Biblioteca</subfield>
            <subfield code="c">Parma</subfield>
            <subfield code="g">I-PAu</subfield>
          </datafield>
          <datafield tag="410" ind1="2" ind2=" ">
            <subfield code="a">Università degli Studi di Parma, Istituto di Musicologia, Biblioteca</subfield>
          </datafield>
          <datafield tag="622" ind1=" " ind2=" ">
            <subfield code="e">Università degli Studi di Parma,, Facoltà di Magistero, Istituto di, Musicologia,
              Biblioteca, Via Cavour 28, I-43100 Parma. Regione, Emilia Romagna</subfield>
          </datafield>
          <idzebra xmlns="http://www.indexdata.dk/zebra/">
            <size>535</size>
            <score>598</score>
            <localnumber>833725</localnumber>
            <filename>sigla/sigla.mrc</filename>
          </idzebra>
        </record>
      </zs:recordData>
      <zs:recordPosition>939</zs:recordPosition>
    </zs:record>