
    <zs:record>
      <zs:recordPacking>xml</zs:recordPacking>
      <zs:recordData>
        <record xmlns="http://www.loc.gov/MARC21/slim">
          <leader>00491nz a2200133 4500</leader>
          <controlfield tag="001">30004877</controlfield>
          <controlfield tag="003">RISM</controlfield>
          <controlfield tag="005">20121108</controlfield>
          <controlfield tag="008">121108n||az|||||||##########||||||||||||</controlfield>
          <datafield tag="043" ind1=" " ind2=" ">
            <subfield code="c">Italy</subfield>
          </datafield>
          <datafield tag="110" ind1="2" ind2=" ">
            <subfield code="a">Convento S. Giacomo Apostolo (Francescano), Biblioteca</subfield>
            <subfield code="c">Poggio Bustone</subfield>
            <subfield code="g">I-PBcf</subfield>
          </datafield>
          <datafield tag="410" ind1="2" ind2=" ">
            <subfield code="a">Convento Francescano, Biblioteca</subfield>
          </datafield>
          <datafield tag="410" ind1="2" ind2=" ">
            <subfield code="a">Biblioteca del Santuario Francescano</subfield>
          </datafield>
          <datafield tag="622" ind1=" " ind2=" ">
            <subfield code="e">Convento S. Giacomo Apostolo, (Francescano), Biblioteca, Via Francescana, I-02018 Poggio
              Bustone, (RI). Regione Lazio</subfield>
          </datafield>
          <idzebra xmlns="http://www.indexdata.dk/zebra/">
            <size>491</size>
            <score>598</score>
            <localnumber>833730</localnumber>
            <filename>sigla/sigla.mrc</filename>
          </idzebra>
        </record>
      </zs:recordData>
      <zs:recordPosition>944</zs:recordPosition>
    </zs:record>