
    <zs:record>
      <zs:recordPacking>xml</zs:recordPacking>
      <zs:recordData>
        <record xmlns="http://www.loc.gov/MARC21/slim">
          <leader>00395nz a2200121 4500</leader>
          <controlfield tag="001">30004881</controlfield>
          <controlfield tag="003">RISM</controlfield>
          <controlfield tag="005">20121108</controlfield>
          <controlfield tag="008">121108n||az|||||||##########||||||||||||</controlfield>
          <datafield tag="043" ind1=" " ind2=" ">
            <subfield code="c">Italy</subfield>
          </datafield>
          <datafield tag="110" ind1="2" ind2=" ">
            <subfield code="a">Chiesa di S. Giovanni in Canale, Biblioteca</subfield>
            <subfield code="c">Piacenza</subfield>
            <subfield code="g">I-PCsgc</subfield>
          </datafield>
          <datafield tag="622" ind1=" " ind2=" ">
            <subfield code="e">Chiesa di S. Giovanni in Canale,, Biblioteca, Via Croce 26, I-29100 Piacenza. Regione,
              Emilia Romagna</subfield>
          </datafield>
          <datafield tag="852" ind1="2" ind2=" ">
            <subfield code="b">45.0537735, 9.6951421</subfield>
          </datafield>
          <idzebra xmlns="http://www.indexdata.dk/zebra/">
            <size>395</size>
            <score>598</score>
            <localnumber>833732</localnumber>
            <filename>sigla/sigla.mrc</filename>
          </idzebra>
        </record>
      </zs:recordData>
      <zs:recordPosition>946</zs:recordPosition>
    </zs:record>