
    <zs:record>
      <zs:recordPacking>xml</zs:recordPacking>
      <zs:recordData>
        <record xmlns="http://www.loc.gov/MARC21/slim">
          <leader>00640nz a2200121 4500</leader>
          <controlfield tag="001">30005109</controlfield>
          <controlfield tag="003">RISM</controlfield>
          <controlfield tag="005">20121108</controlfield>
          <controlfield tag="008">121108n||az|||||||##########||||||||||||</controlfield>
          <datafield tag="043" ind1=" " ind2=" ">
            <subfield code="c">Italy</subfield>
          </datafield>
          <datafield tag="110" ind1="2" ind2=" ">
            <subfield code="a">Università degli Studi di Catania Facoltà di Lettere e Filosofia, Dipartimento di Scienze
              Storiche, Storia della Musica, Biblioteca</subfield>
            <subfield code="c">Catania</subfield>
            <subfield code="g">I-CATus</subfield>
          </datafield>
          <datafield tag="410" ind1="2" ind2=" ">
            <subfield code="a">Università degli Studi di Catania, Dipartimento di Scienze Storiche, Storia della
              Musica</subfield>
          </datafield>
          <datafield tag="622" ind1=" " ind2=" ">
            <subfield code="e">Università degli Studi di Catania, Facoltà di Lettere e Filosofia,, Dipartimento di
              Scienze Storiche,, Storia della Musica, Biblioteca, Piazza Vaccarini, I-95100 Catania., Regione
              Sicilia</subfield>
          </datafield>
          <idzebra xmlns="http://www.indexdata.dk/zebra/">
            <size>640</size>
            <score>598</score>
            <localnumber>833739</localnumber>
            <filename>sigla/sigla.mrc</filename>
          </idzebra>
        </record>
      </zs:recordData>
      <zs:recordPosition>951</zs:recordPosition>
    </zs:record>