
    <zs:record>
      <zs:recordPacking>xml</zs:recordPacking>
      <zs:recordData>
        <record xmlns="http://www.loc.gov/MARC21/slim">
          <leader>00495nz a2200133 4500</leader>
          <controlfield tag="001">30004755</controlfield>
          <controlfield tag="003">RISM</controlfield>
          <controlfield tag="005">20121108</controlfield>
          <controlfield tag="008">121108n||az|||||||##########||||||||||||</controlfield>
          <datafield tag="043" ind1=" " ind2=" ">
            <subfield code="c">Italy</subfield>
          </datafield>
          <datafield tag="110" ind1="2" ind2=" ">
            <subfield code="a">S. Maria delle Vigne, Biblioteca e Archivio</subfield>
            <subfield code="c">Genova</subfield>
            <subfield code="g">I-Gsmv</subfield>
          </datafield>
          <datafield tag="410" ind1="2" ind2=" ">
            <subfield code="a">Chiesa di S. Maria delle Vigne, Biblioteca e Archivio</subfield>
          </datafield>
          <datafield tag="622" ind1=" " ind2=" ">
            <subfield code="e">S. Maria delle Vigne, Biblioteca e, Archivio, Piazza delle Vigne (Vico Campanile, delle
              Vigne 5/3 ?), I-16124 Genova., Regione Liguria</subfield>
          </datafield>
          <datafield tag="852" ind1="2" ind2=" ">
            <subfield code="b">44.4070624, 8.9339889</subfield>
          </datafield>
          <idzebra xmlns="http://www.indexdata.dk/zebra/">
            <size>495</size>
            <score>598</score>
            <localnumber>833764</localnumber>
            <filename>sigla/sigla.mrc</filename>
          </idzebra>
        </record>
      </zs:recordData>
      <zs:recordPosition>976</zs:recordPosition>
    </zs:record>