
    <zs:record>
      <zs:recordPacking>xml</zs:recordPacking>
      <zs:recordData>
        <record xmlns="http://www.loc.gov/MARC21/slim">
          <leader>00470nz a2200109 4500</leader>
          <controlfield tag="001">30005158</controlfield>
          <controlfield tag="003">RISM</controlfield>
          <controlfield tag="005">20121108</controlfield>
          <controlfield tag="008">121108n||az|||||||##########||||||||||||</controlfield>
          <datafield tag="043" ind1=" " ind2=" ">
            <subfield code="c">Italy</subfield>
          </datafield>
          <datafield tag="110" ind1="2" ind2=" ">
            <subfield code="a">Centro di Ricerca e di Sperimentazione per la Didattica Musicale, Biblioteca</subfield>
            <subfield code="c">Fiesole</subfield>
            <subfield code="g">I-FIEcd</subfield>
          </datafield>
          <datafield tag="622" ind1=" " ind2=" ">
            <subfield code="e">Centro di Ricerca e di Sperimentazione, per la Didattica Musicale, Biblioteca, S.
              Domenico di Fiesole, Villa La, Torraccia, Via delle Fontanelle 24, I, -50014 Fiesole (FI). Regione
              T</subfield>
          </datafield>
          <idzebra xmlns="http://www.indexdata.dk/zebra/">
            <size>470</size>
            <score>598</score>
            <localnumber>833776</localnumber>
            <filename>sigla/sigla.mrc</filename>
          </idzebra>
        </record>
      </zs:recordData>
      <zs:recordPosition>988</zs:recordPosition>
    </zs:record>