
    <zs:record>
      <zs:recordPacking>xml</zs:recordPacking>
      <zs:recordData>
        <record xmlns="http://www.loc.gov/MARC21/slim">
          <leader>00404nz a2200109 4500</leader>
          <controlfield tag="001">30005498</controlfield>
          <controlfield tag="003">RISM</controlfield>
          <controlfield tag="005">20121108</controlfield>
          <controlfield tag="008">121108n||az|||||||##########||||||||||||</controlfield>
          <datafield tag="043" ind1=" " ind2=" ">
            <subfield code="c">Italy</subfield>
          </datafield>
          <datafield tag="110" ind1="2" ind2=" ">
            <subfield code="a">Istituto Internazionale Don Bosco, Biblioteca (Fondo Musicale Salesiano)</subfield>
            <subfield code="c">Torino</subfield>
            <subfield code="g">I-Tdb</subfield>
          </datafield>
          <datafield tag="622" ind1=" " ind2=" ">
            <subfield code="e">Istituto Internazionale Don Bosco,, Biblioteca (Fondo Musicale Salesiano), Via Caboto 27,
              I-10131 Torino. Regione, Piemonte</subfield>
          </datafield>
          <idzebra xmlns="http://www.indexdata.dk/zebra/">
            <size>404</size>
            <score>598</score>
            <localnumber>833788</localnumber>
            <filename>sigla/sigla.mrc</filename>
          </idzebra>
        </record>
      </zs:recordData>
      <zs:recordPosition>995</zs:recordPosition>
    </zs:record>