
    <zs:record>
      <zs:recordPacking>xml</zs:recordPacking>
      <zs:recordData>
        <record xmlns="http://www.loc.gov/MARC21/slim">
          <leader>00339nz a2200109 4500</leader>
          <controlfield tag="001">30005546</controlfield>
          <controlfield tag="003">RISM</controlfield>
          <controlfield tag="005">20121108</controlfield>
          <controlfield tag="008">121108n||az|||||||##########||||||||||||</controlfield>
          <datafield tag="043" ind1=" " ind2=" ">
            <subfield code="c">Italy</subfield>
          </datafield>
          <datafield tag="110" ind1="2" ind2=" ">
            <subfield code="a">Villa Gavotti, Archivio</subfield>
            <subfield code="c">Albisola Superiore</subfield>
            <subfield code="g">I-ALS</subfield>
          </datafield>
          <datafield tag="622" ind1=" " ind2=" ">
            <subfield code="e">Villa Gavotti, Archivio, Via della Rovere 71, I-17013 Albisola, Superiore (SV). Regione
              Liguria</subfield>
          </datafield>
          <idzebra xmlns="http://www.indexdata.dk/zebra/">
            <size>339</size>
            <score>598</score>
            <localnumber>833793</localnumber>
            <filename>sigla/sigla.mrc</filename>
          </idzebra>
        </record>
      </zs:recordData>
      <zs:recordPosition>1000</zs:recordPosition>
    </zs:record>
  </zs:records>
</zs:searchRetrieveResponse>
